property_id,event,time2event,property_type,surface_total,num_bathrooms,num_bedrooms,marketplace_hash,seller_hash,num_parking_lots,first_price,last_price,longitude,latitude,views,num_marketplaces_property_at,first_observed_date,last_observed_date,has_balcony,has_elevator,has_garden,has_gym,has_luxury_features,has_pool,has_studio,has_surveillance,has_terrace,has_visitors_parking,has_washing_area
069c4d09-1f4e-4451-bf9f-23130537bb37,1,96,apartment,120,2.5,2,-2.90037E+18,-7.94698E+18,1,4100000,4100000,-99.197758,19.3776093,51,1,2023-06-04 04:01:08,2023-09-09 04:01:07,0,1,0,0,0,0,0,0,0,0,0
0a4c5851-88ae-4d33-8fb7-f7d50ca85389,0,37,apartment,82,2,2,8.26101E+18,1.28447E+18,2,4900000,4900000,-99.1831003,19.4022718,61,1,2023-09-09 01:06:12,2023-10-09 16:29:27,1,1,0,0,0,0,0,1,1,0,0
9d31a760-0ffd-44df-b77e-28fe6e1b019d,1,88,apartment,84,2,2,1.65707E+18,-3.83497E+18,1,2782696,2782696,-99.1144885,19.3997423,50,3,2023-07-05 18:47:41,2023-10-02 16:19:31,0,0,0,0,0,0,0,0,0,0,0
fb141128-2a00-4117-929d-ca7ef507d2ab,1,58,apartment,92,2,2,-2.90037E+18,-7.94698E+18,0,5280000,5280000,-99.1767325,19.3953372,68,2,2023-04-13 23:52:15,2023-06-11 04:01:48,1,1,0,0,0,0,0,1,0,0,0
b334cf18-5c23-4914-947a-d545c439845f,0,95,apartment,55,1,1,8.26101E+18,3.77027E+17,1,3250000,3250000,-99.1456289,19.4336461,58,6,2023-07-12 22:27:30,2023-10-09 16:17:00,0,1,1,1,0,1,0,1,1,0,0
49eb6f44-d908-4fd6-aead-3bd4f5cb4681,1,81,apartment,87,2,2,8.26101E+18,7.66011E+18,1,3719000,3719000,-99.2064012,19.3596506,0,2,2023-05-31 19:01:52,2023-08-21 18:19:11,1,1,1,0,0,0,0,1,0,0,0
8302a5d8-6ef1-41ab-9087-3f9c976d767b,1,42,apartment,81,1,2,1.65707E+18,-8.81765E+17,0,2345070,2345070,-99.2240152,19.3767254,51,12,2023-06-13 04:05:51,2023-07-25 04:06:08,0,0,0,0,0,0,0,0,0,0,0
77d735c6-ff48-4352-9148-06fda3b93dcb,0,22,apartment,55,1,2,1.65707E+18,3.77027E+17,1,1450000,1450000,-99.174734,19.2894561,64,1,2023-09-24 02:52:17,2023-10-09 16:22:25,0,0,0,0,0,0,0,1,0,0,0
d88d4d48-a8bf-4d08-a4bf-202a61ce014e,1,85,apartment,77,2,2,8.26101E+18,-1.51216E+18,2,11000000,5500000,-99.2007312,19.4431346,54,1,2023-06-11 01:09:08,2023-09-04 18:32:44,0,1,1,1,0,1,0,1,1,0,0
7a318ebf-a6b2-4553-b5f1-3b4c52c368dd,0,137,apartment,88,2,2,-1.05558E+18,3.77027E+17,1,5700000,5700000,-99.1853523,19.3852276,72,5,2023-05-31 20:54:11,2023-10-16 16:07:34,1,1,0,1,0,0,0,1,1,0,1
b27470f8-3d27-4a32-bd39-4c92dbf8e646,0,41,house,210,3,3,,-7.29747E+18,2,5595000,5595000,-99.2025736,19.2835716,55,1,2023-09-04 20:43:01,2023-10-09 18:42:03,0,0,0,0,0,0,0,1,1,0,0
ff860c3a-5a05-4f96-b487-fcc3fe0b176a,1,13,apartment,120,1,2,6.47434E+18,3.77027E+17,1,4900000,4900000,-99.17834,19.435366,55,2,2023-06-19 19:55:00,2023-07-03 19:21:20,0,0,0,0,0,0,0,0,0,0,0
25c8b94b-3838-460f-bafc-da787652aa27,0,116,apartment,89.88,2,2,-2.90037E+18,-7.94698E+18,2,4657540,4657540,-99.1469017,19.3600289,94,2,2023-06-22 04:01:39,2023-10-16 16:01:56,1,1,0,0,0,0,0,0,0,0,0
964c3133-8343-4bc2-a34f-22a3e6bdf396,1,171,apartment,207,3.5,3,-1.05558E+18,8.6208E+18,2,12800000,14800000,-99.21426773,19.43138636,44,1,2023-04-14 12:18:08,2023-10-02 18:12:50,1,1,1,0,0,0,1,1,1,0,1
cd1bdb39-aac8-46c6-b187-0e0bff92b85e,1,26,apartment,67,2,2,8.26101E+18,7.66011E+18,1,4607003,4650003,-99.1749554,19.3625793,79,1,2023-07-12 01:11:57,2023-08-07 19:49:29,0,0,0,0,0,0,0,1,0,0,1
c139fa22-6ccd-411d-8f18-40e86f09886e,0,31,apartment,84,2,2,-1.05558E+18,9.03635E+18,1,4473500,4473500,-99.2882606,19.3563182,57,1,2023-09-15 15:34:14,2023-10-16 16:12:36,1,0,0,0,0,0,0,0,1,0,0
cb4e0f3d-85df-4c48-a8be-8fddd13ce5f5,1,97,house,407,3,4,1.65707E+18,3.77027E+17,4,9000000,9000000,-99.1296977,19.3867635,92,6,2023-05-16 05:40:40,2023-08-22 05:25:59,0,0,1,0,0,0,1,1,0,0,1
84c72c5f-4c76-4072-828d-3ee15739405d,1,162,apartment,66,2,2,8.26101E+18,8.64609E+18,1,2950000,2900000,-99.139951,19.358549,45,10,2023-04-23 01:25:11,2023-10-02 16:15:51,0,1,0,0,0,0,0,1,1,0,1
6b1dfaab-f32f-4d73-9a0e-dadc914cbc0c,1,72,apartment,98,2,3,1.65707E+18,3.77027E+17,1,4750000,4750000,-99.1571449,19.4218023,74,2,2023-05-13 05:35:53,2023-07-25 04:19:20,0,1,0,0,0,0,0,1,0,0,0
7fdfe12a-91a2-4432-82ff-13f65f4f2c46,0,123,apartment,67.7,1,2,-1.05558E+18,5.04539E+17,1,2870000,2790000,-99.1442316,19.3754117,65,1,2023-06-15 14:35:34,2023-10-16 16:05:40,0,0,0,0,0,0,0,0,0,0,0
32a6a86b-7cf6-4d89-a3d6-1f58bf565d88,1,57,apartment,144,2,2,8.26101E+18,7.93123E+17,2,7580000,7580000,-99.2677578,19.3669833,30,2,2023-05-21 00:02:31,2023-07-17 18:01:26,0,1,0,1,0,1,0,1,0,0,0
66f818ca-a55d-4100-9c09-eae12fd6b54d,0,140,house,303.38,4.5,4,-1.05558E+18,7.94851E+18,6,11900000,11900000,-99.2358441,19.3181475,71,1,2023-05-29 14:41:45,2023-10-16 17:09:16,0,0,0,0,0,0,0,0,1,0,0
fea0f0fc-df2a-4f5c-b9f2-5abe7b29f7d3,0,16,apartment,127,2,3,1.65707E+18,2.64359E+18,2,6250000,6250000,-99.1730521,19.376983,58,2,2023-09-30 02:15:30,2023-10-09 16:08:28,0,0,1,1,0,0,0,0,0,0,0
a81cca75-1983-44d3-bba9-449bd20e9aee,1,43,apartment,85,2,3,-1.05558E+18,3.77027E+17,2,3250000,3250000,-99.1412532,19.3651888,34,1,2023-05-21 21:07:55,2023-07-04 04:07:13,1,1,1,0,0,0,0,1,1,0,1
3156a4b6-d08b-4705-ab9e-b7896e494b8e,0,39,apartment,95,2,2,8.26101E+18,1.3347E+18,1,14000000,14000000,-99.2134442,19.4249374,47,1,2023-09-06 18:06:53,2023-10-09 16:28:09,0,0,1,0,0,0,0,0,0,0,0
a6ec4439-754a-49a6-95da-29341bbc9a20,1,160,house,327,3,3,8.26101E+18,3.77027E+17,2,10500000,10500000,-99.1886803,19.3589578,41,1,2023-03-14 05:20:42,2023-08-22 00:15:06,1,0,0,0,0,0,1,1,0,0,0
332edd13-7c2b-4ac6-bf87-99a1465c3728,0,74,apartment,62,1,2,-1.05558E+18,-3.8765E+18,1,2050000,1800000,-99.1071808,19.2998796,44,1,2023-08-03 11:19:45,2023-10-16 16:11:39,0,0,1,0,0,0,0,1,0,0,1
16b7494c-299b-4315-8fce-b532327ed266,0,139,apartment,121,2,3,-1.05558E+18,-5.78956E+16,2,4700000,4700000,-99.17538643,19.45412942,46,1,2023-05-30 11:23:05,2023-10-16 16:22:03,0,1,0,1,0,0,0,1,0,0,1
db0a8c6c-dc4a-4f16-be87-b91f6593ec7b,1,52,apartment,100,2,1,-1.05558E+18,-1.24095E+18,1,3400000,3400000,-99.1617888,19.4373262,70,1,2023-05-12 13:41:56,2023-07-04 04:17:40,0,1,0,0,0,0,0,0,0,0,1
efe76908-c3bb-4ee1-b93c-fddd9f3de739,1,53,house,192,3,3,8.26101E+18,5.45247E+18,2,7500000,7500000,-99.2369251,19.3463953,55,1,2023-06-29 18:20:51,2023-08-22 00:15:11,0,0,0,0,0,0,0,0,1,0,1
fdba67a2-5bfa-4876-bc8b-8c64a4faacf6,0,45,apartment,290,4,3,1.65707E+18,4.87727E+18,3,14754927,15786562.34,-99.2539179,19.3841661,43,2,2023-09-01 06:05:04,2023-10-09 16:18:38,0,1,0,1,0,1,0,1,1,0,1
ee03591e-e8fb-4950-9b16-cbef1c892dbd,1,17,apartment,75,1,2,6.47434E+18,3.77027E+17,1,2600000,2600000,-99.174253,19.445921,58,1,2023-04-21 06:14:47,2023-05-09 04:37:36,0,0,0,0,0,0,0,0,0,0,0
eb8c051c-af75-466c-8aa5-36eac7b80375,1,90,apartment,85,2,2,6.47434E+18,8.81531E+18,1,3095000,3095000,-99.091267,19.39356,44,1,2023-03-05 10:18:44,2023-06-04 04:10:30,0,0,0,0,0,0,0,1,1,0,0
aa88bd33-bd56-4157-8fcf-4fed6d405b5a,1,27,apartment,54,1,2,1.65707E+18,3.77027E+17,,1590000,1590000,-99.1317093,19.4222027,99,1,2023-05-30 23:54:49,2023-06-27 04:18:32,0,0,0,0,0,0,0,0,0,0,0
e1517385-3ddb-4ea7-9a28-52211d6e819c,1,46,apartment,140,2,3,8.26101E+18,-3.60725E+17,2,7400000,6900000,-99.18635,19.43419,57,2,2023-06-15 19:08:41,2023-07-31 20:22:28,1,1,0,0,0,0,0,1,0,0,0
1d39f909-2967-4e9c-be18-4a1e7fb42473,0,156,apartment,70,2,2,8.26101E+18,7.66011E+18,1,3312212,3312212,-99.1413622,19.4037523,20,3,2023-05-13 01:33:05,2023-10-09 16:10:53,1,1,1,0,0,0,0,1,1,0,0
936f42ef-b2a1-47a9-a511-16e0132998ae,1,32,apartment,81,2,2,8.26101E+18,5.06239E+18,1,2400000,2400000,-99.1562887,19.5020665,93,2,2023-06-22 01:05:29,2023-07-24 20:06:36,0,1,0,0,0,0,0,0,0,0,0
7ddc1ab1-f1b2-4f9d-a0b7-fd1f75c39375,1,16,apartment,65,1,1,8.26101E+18,7.93123E+17,2,3600000,3600000,-99.28706,19.36217,50,4,2023-06-03 15:51:40,2023-06-19 19:12:49,1,0,0,1,0,1,0,0,0,0,0
c08a8dec-5664-4379-b309-d5c432a8a099,1,152,apartment,60,2,2,8.26101E+18,-2.44545E+18,1,3195002,3195002,-99.1866696,19.3446522,55,2,2023-05-03 01:22:34,2023-10-02 16:15:22,0,1,0,0,0,0,0,0,0,0,0
e723b1e8-9957-4180-9bdb-77a2f79fa7cf,0,19,house,150,3,3,1.65707E+18,-3.13314E+18,2,9950000,9950000,-99.2080026,19.3434334,31,1,2023-09-27 06:52:20,2023-10-15 16:12:16,0,0,1,0,0,0,1,0,1,0,1
ec6d0615-4e69-4225-9b53-c08b61007674,0,37,apartment,55,1,2,1.65707E+18,-6.92021E+18,1,2800000,2800000,-99.1391535,19.5525138,49,1,2023-09-09 01:55:07,2023-10-09 16:17:27,0,0,0,1,0,0,0,0,1,1,0
a97d05a0-2048-4496-836a-2f10a4a40047,1,62,apartment,60,1,2,6.47434E+18,-1.24289E+18,1,2800000,2800000,-99.17305,19.4009,61,6,2023-03-28 06:09:13,2023-05-30 04:33:53,1,1,0,0,0,0,0,0,0,0,0
9d98e6a8-aae5-49ba-b120-457e570dc82e,1,62,apartment,63.68,1.5,1,-1.05558E+18,3.04532E+18,1,4843530,4843530,-99.1924411,19.3606836,1,1,2023-05-02 13:37:43,2023-07-04 04:01:20,0,1,1,1,0,1,0,1,1,0,0
4a4beda7-a6a6-4ab0-9447-ffbd64346345,0,105,house,236,2.5,3,-1.05558E+18,8.65359E+18,3,8750000,7500000,-99.2128111,19.3569652,32,1,2023-07-03 11:48:28,2023-10-16 17:06:06,0,0,1,0,0,0,0,1,0,0,0
cc47075d-677c-45a5-bb8b-425082156fa9,1,34,house,200,3.5,6,6.47434E+18,9.1587E+18,1.8,8100000,4500000,-99.12465,19.474579,84,1,2023-04-30 04:10:39,2023-06-04 04:10:11,1,0,0,0,0,0,0,0,0,0,1
56add6a5-d9b0-4f92-84b7-16bb1033df92,0,12,apartment,124,2,3,1.65707E+18,3.14062E+18,2,11400000,11400000,-99.2012,19.445,54,8,2023-10-04 01:12:55,2023-10-10 16:05:40,0,0,1,1,0,1,0,0,1,0,1
fe72bff9-63be-4224-a044-9fd5435a8671,0,143,apartment,90,2,3,8.26101E+18,-8.11835E+18,2,6900000,6900000,-99.1696473,19.4072709,65,1,2023-05-26 01:56:24,2023-10-09 16:20:05,1,1,0,1,0,1,0,1,1,0,0
d20236e5-b927-47f4-8edf-95a0076bb5f1,1,75,house,556,3,4,8.26101E+18,-4.79769E+18,3,14950000,14950000,-99.2308787,19.333944,0,1,2023-06-07 01:11:19,2023-08-22 00:16:19,0,0,1,0,0,0,1,1,1,0,1
35ea3191-2bf8-49df-9458-c1de40d8caec,1,35,house,140,2,3,8.26101E+18,7.94851E+18,2,4850000,4850000,-99.13944,19.290462,69,4,2023-05-15 04:00:27,2023-06-19 22:57:37,0,0,0,0,0,0,0,1,1,0,0
b3d8d73a-a88d-459d-aec1-4ad275318ac1,1,87,house,381,3,3,6.47434E+18,3.77027E+17,3,22000000,22000000,-99.1985332,19.3453117,46,2,2023-07-07 18:02:07,2023-10-03 00:35:30,0,0,1,0,0,0,0,0,1,0,0
b5e67f7c-aee9-4c1d-8c11-0eb5176e08c0,1,69,house,378,3,4,8.26101E+18,3.77027E+17,2,9000000,9000000,-99.2115959,19.2909619,68,1,2023-07-04 01:18:44,2023-09-11 19:54:54,0,0,1,0,0,0,1,1,0,0,1
31a50f53-3644-4a1d-8377-c6e5703dffd0,1,110,house,196,2,5,8.26101E+18,3.77027E+17,1,2400000,2400000,-99.130394,19.446823,39,2,2023-05-31 04:32:43,2023-09-18 17:35:29,0,0,0,1,0,0,0,0,0,0,1
9238bc06-371c-46f6-8540-201b6dabbda8,1,83,apartment,72,2,3,8.26101E+18,3.77027E+17,1,8200000,8200000,-99.1904921,19.4337679,57,1,2023-05-24 01:07:56,2023-08-15 06:46:29,0,1,0,0,0,0,0,0,1,0,1
4378a5d0-77f7-44ef-af9b-d25c521ba9f5,1,115,apartment,64,1,2,8.26101E+18,7.66011E+18,1,2850020,2850020,-99.29784065,19.36644855,35,2,2023-05-26 01:06:14,2023-09-18 16:22:56,0,0,1,1,0,1,0,1,0,0,0
4424d13d-f9c9-45e3-b886-65d4b42c71f3,1,92,apartment,74,1,2,1.65707E+18,2.55478E+18,2,4500000,4500000,-99.1613281,19.3647728,46,4,2023-05-21 05:34:02,2023-08-22 04:12:55,1,1,1,1,0,1,0,1,1,0,0
5c4fa39d-a69b-49ff-80e7-8a2e3990c403,0,36,apartment,83,2,2,8.26101E+18,-7.01002E+18,1,2850000,2850000,-99.1309934,19.3626932,60,2,2023-09-09 18:07:48,2023-10-09 16:26:11,0,0,0,0,0,0,0,0,0,0,0
57f7747b-b15f-42e9-97a4-cb4e3fea3cac,0,18,apartment,41,1,1,8.26101E+18,3.77027E+17,1,2350000,2350000,-99.2716504,19.3667161,46,1,2023-09-27 23:24:04,2023-10-09 16:25:21,0,0,0,1,0,0,0,0,1,0,0
e0d76824-2e5e-4b03-9bc4-1d1aaac93ed4,0,129,apartment,33,1,1,-8.59303E+18,-7.94698E+18,0,2128376,2375787,-99.15625,19.437997,39,1,2023-06-09 04:00:53,2023-10-16 16:01:43,0,0,0,1,0,0,0,0,0,0,0
b1c20946-0baa-400a-a3f8-2ef4d859a9a9,1,27,apartment,71,1,2,8.26101E+18,7.66011E+18,1,3300003,3300003,-99.1593329,19.3675129,43,1,2023-06-13 05:36:39,2023-07-10 19:08:55,1,0,0,0,0,0,0,0,0,0,0
92b7d72b-0bff-45e3-946b-68fa03403f98,1,42,apartment,100,2.5,2,-1.05558E+18,-8.03089E+18,2,4150000,4350000,-99.2653557,19.3707171,19,3,2023-05-29 15:08:49,2023-07-11 04:12:03,0,1,1,1,0,0,0,1,1,0,1
4043535f-80f2-4efb-bb83-282717bb8d9f,1,137,apartment,101,2,2,-1.05558E+18,2.55635E+18,1,5048300,5048300,-99.1773571,19.3889487,68,1,2023-05-03 20:00:28,2023-09-18 16:09:11,1,1,0,0,0,0,0,1,1,0,0
a042b55b-e694-4b92-b374-5e3491b28d01,0,90,apartment,85,2,2,-1.05558E+18,3.77027E+17,1,4500000,4150000,-99.1835457,19.4426144,59,1,2023-07-18 04:21:12,2023-10-16 16:21:13,0,1,1,1,0,0,1,1,0,0,0
d5b58a79-7979-4afb-98a0-92bd14fc847d,1,27,apartment,80,2,2,1.65707E+18,2.46643E+18,1,4750000,4750000,-99.1457702,19.4340998,58,3,2023-07-19 04:05:58,2023-08-15 04:16:58,0,1,1,1,0,1,0,1,1,0,1
459018c8-b4a0-482b-8f56-4acc1f358205,1,82,apartment,161,3,3,1.65707E+18,1.71264E+18,2,13200000,13200000,-99.2662189,19.3619875,35,4,2023-06-01 04:05:03,2023-08-22 04:16:36,1,1,1,1,0,1,0,0,1,0,0
dd1572bb-743b-4e7c-9e60-61f719dc31c5,1,73,house,192,1,2,1.65707E+18,6.21337E+18,2,3000000,3000000,-99.0744512,19.321849,58,3,2023-06-29 05:23:14,2023-09-10 18:19:56,0,0,0,0,0,0,0,0,0,0,0
45217613-7248-4093-ab51-233fd2f73497,1,77,apartment,60,1,3,6.47434E+18,3.77027E+17,2.2,1515000,1515000,-99.12768,19.41283,49,1,2023-03-05 14:56:14,2023-05-22 04:15:33,0,0,0,0,0,0,0,0,0,0,0
3286826b-f33e-4a83-bde4-4e517a28266f,1,17,apartment,234,2,3,6.47434E+18,3.77027E+17,2,7800000,7800000,-99.1721061,19.3840835,79,2,2023-08-31 18:51:14,2023-09-18 17:48:43,0,1,0,0,0,0,0,1,0,0,0
0794cc81-2664-4aa9-bced-a9736bda0478,0,24,house,209,1.5,4,-1.05558E+18,2.58811E+18,4,6490000,6490000,-99.1165002,19.425112,73,4,2023-09-21 21:28:36,2023-10-16 17:11:20,0,0,1,0,0,0,0,0,1,0,0
b4eaff51-2a28-4f50-976d-33fa9c6129af,0,13,apartment,100,2,2,1.65707E+18,3.77027E+17,2,5700000,5700000,-99.1753642,19.3682454,73,3,2023-10-03 01:08:59,2023-10-15 16:02:23,1,1,0,0,0,0,0,1,1,0,0
320b3d7b-02fe-43cf-b71f-c89768d75b28,0,39,apartment,108,2.5,2,-1.05558E+18,3.40557E+18,2,6800000,6800000,-99.1931284,19.3592485,1,1,2023-09-07 14:19:03,2023-10-16 16:02:26,0,1,1,1,0,1,0,1,0,0,0
22cbe882-9eda-4b4c-81ed-45e5a6e9fcdc,0,23,house,300,3,3,8.26101E+18,5.67137E+18,5,13500000,13500000,-99.1685018,19.3979763,53,1,2023-09-22 16:09:16,2023-10-09 17:28:02,0,0,1,0,0,0,1,0,1,0,0
1755064e-b438-46a5-bad4-30e43b30a3ef,0,137,apartment,90,2.5,2,-1.05558E+18,3.77027E+17,3,5500000,5500000,-99.2552601,19.3785288,8,1,2023-05-31 20:49:13,2023-10-16 16:02:00,0,1,1,1,0,0,0,1,1,0,1
3d9a4071-cf73-4d18-beaa-93be15269e38,1,16,apartment,64,2,2,8.26101E+18,8.85859E+17,1,3950000,3950000,-99.16129,19.402506,36,4,2023-06-03 09:32:33,2023-06-19 18:46:52,1,1,0,0,0,0,0,0,1,0,0
1f94f818-aacf-4cc5-afdf-55d6db2d42b6,0,16,apartment,63,1,2,8.26101E+18,1.55334E+18,2.8,1550000,1550000,-99.1110091,19.4228222,61,2,2023-09-29 23:02:42,2023-10-09 16:33:26,0,0,1,0,0,0,0,0,0,0,0
f5663411-d684-4425-89ac-c01f080f7b60,0,41,apartment,95,2,,6.47434E+18,7.66011E+18,1,6743225,6743225,-99.1629922,19.4239306,59,2,2023-09-04 20:20:57,2023-10-09 18:23:23,0,0,0,0,0,0,0,0,0,0,0
b71959d6-4e93-4dc3-adf3-8a8eab07ec07,0,150,apartment,67,2,2,8.26101E+18,3.77027E+17,2,4800000,6000000,-99.2662189,19.3619875,35,1,2023-05-19 05:47:40,2023-10-09 16:23:12,0,1,0,1,0,1,0,1,0,0,0
7ef8667c-f630-4af5-b025-0de60b09a644,0,13,apartment,45,1,1,6.47434E+18,3.77027E+17,1,4400000,4400000,-99.1612544,19.3642673,46,2,2023-10-03 00:40:50,2023-10-09 18:01:59,0,0,0,1,0,1,0,0,0,0,0
45095e05-0e6f-49c5-b763-5d3ac0746a09,0,118,apartment,101,2,2,6.47434E+18,3.77027E+17,1.6,4700000,4300000,-99.16133,19.418848,74,7,2023-06-19 19:20:15,2023-10-09 18:23:38,0,0,0,0,0,0,0,0,0,0,0
5521e8b1-7271-4131-a685-91780619c1f2,1,85,apartment,66.01,2,2,1.65707E+18,-7.86116E+18,0,2145000,2145000,-99.1517123,19.4493835,63,1,2023-05-26 05:34:42,2023-08-20 04:05:24,0,1,0,0,0,0,0,0,0,0,0
a9324975-a44f-4edd-a98b-0c77439afc86,1,20,apartment,78,2,2,1.65707E+18,3.3942E+18,2,4900000,4900000,-99.1677132,19.3797151,73,6,2023-08-01 04:09:42,2023-08-22 04:09:37,0,1,0,0,0,0,0,1,1,0,0
82b2adb5-3140-435a-bbe2-04cf7e9df005,1,150,apartment,64,2,2,8.26101E+18,8.93953E+18,2,4674340,4674340,-99.1649891,19.405299,54,2,2023-04-21 10:42:58,2023-09-18 16:21:24,0,0,0,0,0,0,0,0,1,0,0
bc81ca94-fc0e-4a72-920d-97449affa7ab,1,177,apartment,190,2.5,2,-1.05558E+18,3.77027E+17,2,10608099,10600000,-99.1682978,19.3897795,53,1,2023-03-17 20:45:13,2023-09-11 18:10:30,1,1,1,0,0,0,0,1,0,0,0
f6af2200-edb0-4e22-a36a-23f134c86298,1,24,apartment,76,2,2,8.26101E+18,2.11219E+18,2,3495000,3495000,-99.14905045,19.36179025,94,2,2023-05-25 19:19:37,2023-06-19 18:42:20,0,1,0,0,0,0,0,0,0,0,0
e3e9b195-0230-4994-bff6-097a11af1d7e,0,127,apartment,168,3,2,8.26101E+18,7.93123E+17,2,8300000,8300000,-99.2811806,19.36256,34,3,2023-06-10 19:34:37,2023-10-09 16:21:28,0,1,0,1,0,1,0,0,0,0,0
780877ef-ae68-4e79-94a8-eb906a645c32,0,137,apartment,430,3.5,3,-1.05558E+18,-8.03089E+18,3,16000000,16000000,-99.2757861,19.3625508,46,3,2023-05-31 21:00:36,2023-10-16 16:14:56,1,1,1,1,0,0,0,1,1,0,0
db665b27-e272-4f1d-b320-9637c3c9a73d,0,32,apartment,90,2,2,8.26101E+18,8.45958E+18,2,5200000,5200000,-99.289588,19.3594157,50,1,2023-09-14 01:16:30,2023-10-09 16:24:31,1,1,1,1,0,1,0,1,0,0,0
78d9fdb2-8823-4828-9eed-e9e73fb66b0e,1,59,house,243,2,3,8.26101E+18,-6.98182E+18,3,7300000,7300000,-99.29421809,19.36890751,49,4,2023-05-19 01:14:42,2023-07-17 22:45:37,0,0,1,0,0,0,0,1,1,0,0
e87776c9-41f7-4dd8-b575-6d21654d8fe6,0,92,apartment,169,2,2,6.47434E+18,2.11219E+18,2,9000000,9000000,-99.25728145,19.386997,42,7,2023-07-15 18:08:45,2023-10-09 18:16:55,0,0,1,1,0,1,0,0,1,0,0
5953158f-a9d7-4b7b-939b-4247df4d117f,0,33,apartment,104,15,1,-1.05558E+18,4.7912E+18,2,8500000,8500000,-99.17180625,19.41382103,74,1,2023-09-13 11:04:47,2023-10-16 16:18:18,0,1,0,0,0,0,1,1,1,0,0
e717823c-66cf-49b1-8f0a-f2e46548542b,1,24,house,250,3,3,8.26101E+18,-1.49563E+18,4,7200000,7200000,-99.151535,19.332104,45,6,2023-05-26 02:34:50,2023-06-19 22:27:37,1,0,0,0,0,0,0,0,0,0,0
b9e18e0f-5fe1-4071-9ddc-4c493443a971,1,46,apartment,48,1,2,-1.05558E+18,5.25909E+18,1,1350000,1350000,-99.0692408,19.4063225,73,1,2023-08-16 16:52:42,2023-10-02 16:19:34,0,0,0,0,0,0,0,1,0,0,1
5344f548-383f-4c99-8ae5-d1d815f9a3dd,1,95,house,805,4,4,8.26101E+18,3.77027E+17,1.4,5950000,104419614.9,-99.2611497,19.350184,37,4,2023-06-08 01:16:38,2023-09-11 19:45:01,0,0,1,1,0,1,0,1,1,0,0
f7081005-953e-4406-94d8-58b2e5ba2fa7,1,103,apartment,85,1,2,8.26101E+18,-1.32814E+18,1,3763000,3763000,-99.1591301,19.4473066,63,1,2023-06-07 03:13:24,2023-09-18 16:20:30,0,0,0,0,0,0,0,1,0,0,0
a611041d-16f9-4c39-abb1-40038fdc9baf,1,27,apartment,123,2,2,6.47434E+18,3.77027E+17,2,4990000,4990000,-99.139772,19.388963,59,1,2023-05-02 06:22:53,2023-05-30 04:12:46,1,1,0,0,0,0,0,0,1,0,0
cc21da10-742a-4d97-9bbb-a4846b7aefbf,0,39,apartment,72,2,2,-1.05558E+18,-2.02826E+17,1,4765100,4765100,-99.1678113,19.422976,59,1,2023-09-06 17:56:06,2023-10-09 16:16:40,1,1,0,1,0,0,0,1,1,0,0
7f7e9f0c-25b9-45a8-aea4-a1ad62a36c4c,1,167,apartment,245,3,3,1.65707E+18,6.14458E+18,3,10500000,10500000,-99.1677132,19.3797151,73,5,2023-03-08 04:00:55,2023-08-22 04:09:28,0,1,1,0,0,0,0,1,1,0,0
2056c193-70c8-4f11-b2e8-4ca28f696757,0,92,apartment,57,1,2,8.26101E+18,-1.86172E+18,1.6,1640000,1530000,-99.1467166,19.4549289,66,2,2023-07-16 01:28:56,2023-10-09 16:17:13,0,0,0,0,0,0,0,0,0,0,0
8f7f7505-3aab-45b4-adcf-22db6a61accd,0,167,house,125,2,3,1.65707E+18,3.77027E+17,0,2000000,2000000,-99.0420372,19.3478701,55,2,2023-05-01 21:36:18,2023-10-09 17:18:49,0,0,0,0,0,0,0,0,0,0,1
0d05887c-15d9-4548-be08-83f1cdd81039,1,87,house,122,1,3,8.26101E+18,3.77027E+17,3,4850000,4750000,-99.1370846,19.3080212,59,2,2023-04-21 01:31:31,2023-07-17 22:42:26,0,0,0,0,0,0,0,0,0,0,1
79e1c635-b423-4b72-b6dd-8f4e853278b8,0,137,house,220,3,3,-1.05558E+18,-4.49169E+18,3,3000000,3000000,-99.254674,19.306518,48,4,2023-05-31 22:37:54,2023-10-16 17:09:08,0,0,0,0,0,0,0,0,1,0,0
b804c1cc-eaad-42c8-b214-bab10dc6a6cc,0,132,apartment,81,2,2,-1.05558E+18,-8.64801E+18,2,7850000,7850000,-99.1770019,19.4164775,74,1,2023-06-05 20:43:37,2023-10-16 16:17:32,1,1,1,1,0,1,0,1,1,0,0
868efd93-b4fd-41f6-b855-0330418b9ec8,0,137,apartment,56,1,1,-1.05558E+18,-7.02745E+18,1,3100000,3100000,-99.1456289,19.4336461,58,4,2023-05-31 21:01:50,2023-10-16 16:16:23,0,1,0,1,0,1,0,1,0,0,0
5ee7c376-1d43-44ca-8af5-fe97ae4e001a,1,53,apartment,109,2,3,-1.05558E+18,3.77027E+17,1,5100000,5100000,-99.1850923,19.3639012,72,1,2023-04-13 20:23:01,2023-06-05 23:01:19,0,1,0,0,0,0,0,1,0,0,0
1d64f2fe-fd46-420a-a188-099a83e5a5ea,0,27,house,230,3,3,1.65707E+18,3.77027E+17,2,6130000,6130000,-99.2964109,19.3667403,35,2,2023-09-19 01:15:13,2023-10-09 17:17:54,0,0,1,1,0,1,0,1,0,0,1
20ce35b1-d442-4453-b7de-263ec5869e29,0,137,apartment,167,3.5,3,-1.05558E+18,-8.03089E+18,2,10450000,10450000,-99.2825346,19.369053,51,3,2023-05-31 20:59:31,2023-10-16 16:13:43,0,1,1,1,0,1,0,1,1,0,0
e16a0239-2418-4f61-b05b-aa36dbd56e54,0,37,apartment,43,1,1,6.47434E+18,-3.2395E+18,1,2544000,2544000,-99.1446389,19.4183695,82,2,2023-09-08 18:57:52,2023-10-09 18:20:56,0,0,0,0,0,0,0,1,1,0,0
0a0b727a-b06a-45b8-b6fb-f12c3a105aca,1,24,apartment,99,2,3,1.65707E+18,-2.54059E+18,2,6500000,6500000,-99.1982059,19.4438708,54,2,2023-06-02 06:56:33,2023-06-27 04:22:56,0,1,1,1,0,1,0,1,1,0,0
60f4a9c3-533f-4f4b-9141-d5b26199cd38,1,90,house,474,4,3,6.47434E+18,-8.1032E+18,3,14000000,14000000,-99.30106,19.369025,35,1,2023-03-05 09:32:41,2023-06-04 04:08:13,1,0,1,0,0,1,0,1,0,0,0
b24b34d9-fd2f-4099-af41-83554957ec1b,1,56,apartment,110,2,2,6.47434E+18,7.94635E+18,2,5500000,5500000,-99.147754,19.379822,53,1,2023-04-04 00:34:32,2023-05-30 04:12:29,0,1,0,0,0,0,0,1,1,0,0
ecbaf11e-33a2-486f-aa3b-d8819bbbdabf,1,25,house,230,3,,1.65707E+18,3.77027E+17,3,6900000,6900000,-99.1348925,19.2908179,64,1,2023-06-08 06:58:21,2023-07-04 05:05:30,0,0,1,0,0,0,1,0,0,0,0
d2614090-cdb7-4822-bfb9-5e2f5d1ec836,1,32,house,309.96,5.5,5,-1.05558E+18,-7.94698E+18,3,8690000,8690000,-99.2274848,19.3247166,71,1,2023-05-25 14:59:20,2023-06-27 04:55:43,1,0,1,0,0,0,0,1,1,0,0
47ea59fc-4aea-4aae-9cd0-583805fd8c4e,0,13,apartment,89,2,2,6.47434E+18,3.77027E+17,2,4950000,4950000,-99.180431,19.4373402,58,8,2023-10-03 01:15:35,2023-10-09 18:32:15,1,1,0,1,0,1,0,1,1,0,0
8dad956c-fbbf-4e55-b761-a5d7938e5990,1,59,apartment,210,2,3,-1.05558E+18,8.65359E+18,3,8900000,8900000,-99.2099896,19.3206033,25,1,2023-06-01 23:57:51,2023-07-31 04:01:20,0,1,1,1,0,0,0,1,1,0,0
c958e715-310b-4158-8625-2d9f2ddc3a31,1,16,apartment,54,1,3,8.26101E+18,-8.81765E+17,1.2,1299999,1299999,-99.1606,19.460499,9,2,2023-06-03 03:31:59,2023-06-19 19:11:00,0,0,0,0,0,0,0,0,0,0,0
d577de17-fd34-4349-9da9-e471c1cacb19,1,61,apartment,49,1,,6.47434E+18,-8.81765E+17,1,1770000,1770000,-99.12071,19.39062,55,3,2023-04-04 00:50:37,2023-06-04 04:10:30,0,0,0,0,0,0,0,0,0,0,0
0a90f3c4-45b2-4c38-8652-9ad8ea870d47,0,127,apartment,72,1,2,8.26101E+18,-8.11835E+18,2,3150000,3150000,-99.25517,19.382285,43,1,2023-06-10 19:35:44,2023-10-09 16:24:17,1,1,0,0,0,0,0,1,0,0,1
632bccb5-0be4-4269-8e99-a7cdbe70d18e,1,46,apartment,50,1,1,1.65707E+18,-7.94698E+18,1,2706900,2706900,-99.1944048,19.3850289,1,15,2023-07-06 13:21:03,2023-08-22 04:02:24,0,0,0,1,0,1,0,0,0,0,0
dd071fd0-684a-43d3-855e-10f63fc67d47,1,25,house,430,4,5,1.65707E+18,-8.1032E+18,2,8900000,8900000,-99.1229674,19.4222311,71,9,2023-07-27 07:21:25,2023-08-22 05:26:06,0,0,1,1,0,0,0,1,1,0,0
dd0e9946-bde8-4cd3-835b-d641a9172ca1,1,21,apartment,130,2.5,2,-1.05558E+18,3.77027E+17,2,8100000,8100000,-99.172906,19.3886561,53,2,2023-05-31 23:00:49,2023-06-22 04:01:48,1,1,0,0,0,0,0,1,1,0,0
c62aa91d-712b-450a-b668-1fcaec71b575,1,48,house,368,3,4,8.26101E+18,-8.87652E+18,2,8200000,8200000,-99.1321255,19.2799104,64,2,2023-06-06 21:47:37,2023-07-25 00:43:38,0,0,0,1,0,0,0,1,1,0,0
42626c91-f9dd-4850-9c73-4b912aa34723,1,21,house,250,4,3,6.47434E+18,6.34709E+18,2,12399999,12399999,-99.14731,19.34564,69,1,2023-05-08 06:12:27,2023-05-30 04:16:25,0,0,1,0,0,0,0,1,1,0,0
53217da7-e395-44fc-b81b-f32fe12221a0,0,172,apartment,56,1,2,1.65707E+18,-6.38026E+18,0,2666000,2472950,-99.1439291,19.4142844,82,6,2023-04-26 16:14:07,2023-10-15 16:05:16,1,1,0,0,0,0,0,1,1,0,1
2da8b6dd-42c4-45b4-9532-551ac37725eb,0,24,apartment,120,2,3,8.26101E+18,3.77027E+17,2,5975000,5975000,-99.1540987,19.4194748,82,2,2023-09-22 01:07:15,2023-10-09 16:20:27,0,1,0,1,0,0,0,1,0,0,1
8a61f2a5-4e88-4ff7-a6d2-ca7c0ab95db8,1,108,apartment,100,2,2,8.26101E+18,3.77027E+17,1,4950000,4950000,-99.1766943,19.4294077,55,3,2023-03-03 05:29:42,2023-06-19 19:59:03,1,1,1,1,0,0,0,1,0,0,0
2560f0f5-be15-4277-b380-727b967960a0,0,58,apartment,396.8,4,3,1.65707E+18,-7.22528E+18,0,12000000,12000000,-99.269903,19.326748,34,4,2023-08-19 11:50:54,2023-10-09 16:04:46,0,0,1,1,0,1,0,1,0,0,1
8371380c-c3a0-4d3e-8377-5306c7e5dcba,0,112,apartment,90,1,4,8.26101E+18,3.77027E+17,2.6,4200000,4200000,-99.2116926,19.4459033,56,4,2023-06-26 01:11:47,2023-10-09 16:31:51,0,0,1,1,0,0,0,1,0,0,0
e3a275ca-bfd5-4b52-9726-4a0f011ef8b2,1,61,apartment,68,1,1,6.47434E+18,5.55696E+18,1,3650000,3650000,-99.21544,19.43135,44,8,2023-04-04 01:22:08,2023-06-04 04:12:21,0,1,0,1,0,0,0,0,1,0,1
972990dd-2688-4cc1-93fa-dcc6d5aea33e,1,84,apartment,55,1,2,8.26101E+18,3.77027E+17,1,1660000,1660000,-99.1301816,19.4607566,38,3,2023-07-10 01:19:03,2023-10-02 16:24:20,1,1,0,0,0,0,0,1,1,0,0
2d74df17-7552-46ce-b0cc-33e4a880c2b1,1,18,house,250,2,3,8.26101E+18,3.77027E+17,2,3500000,3500000,-99.2916488,19.3266364,43,1,2023-08-03 05:30:02,2023-08-22 00:25:21,0,0,0,0,0,0,0,0,1,0,1
d586abd8-e194-4400-8576-3eaf9a7e8da1,1,34,apartment,80,1,3,6.47434E+18,3.77027E+17,1,1980000,1980000,-99.118784,19.293027,68,1,2023-04-25 04:41:34,2023-05-30 04:41:30,0,0,1,0,0,0,0,0,0,0,1
19ff6a89-b6ff-48c1-bf64-ac8c9bb40197,0,137,apartment,53,1,2,-1.05558E+18,1.75875E+18,1,1717000,1717000,-99.0779577,19.4101289,60,4,2023-05-31 22:15:24,2023-10-16 16:26:19,0,0,1,1,0,0,0,1,0,0,1
91699f2a-f63f-499c-a2b9-1045bb91a09f,1,66,apartment,200,2,3,1.65707E+18,-7.94698E+18,2,7400065,7400065,-99.1128616,19.3037965,52,1,2023-06-03 04:05:01,2023-08-08 04:13:43,0,0,0,0,0,0,0,0,1,0,0
3adc3503-755c-4d9a-ba64-3230a885eed0,1,60,house,206,3,3,8.26101E+18,-1.49563E+18,2,6500000,6500000,-99.23384,19.313929,65,6,2023-04-20 02:42:58,2023-06-19 22:41:49,0,0,1,0,0,0,0,0,0,0,1
03f6c2ba-6da9-4f0d-a14c-2357490c06af,1,37,apartment,104,2,2,6.47434E+18,3.77027E+17,2,4450000,4450000,-99.1858385,19.4535008,40,5,2023-06-24 18:20:07,2023-07-31 19:37:47,0,0,0,1,0,1,0,0,1,0,0
30af157f-b352-4e47-8b9e-cc8566215b02,1,27,apartment,66,1,2,1.65707E+18,-8.81765E+17,0,1265012,1265012,-99.0892215,19.3299496,80,4,2023-06-28 04:06:08,2023-07-25 04:20:35,0,0,0,0,0,0,0,0,0,0,1
3946a82b-c9e1-4fc8-bce6-59b1d47eb23d,0,24,apartment,123,2,1,6.47434E+18,4.3628E+18,1,7904100,7904100,-99.1724718,19.4376516,54,2,2023-09-21 16:58:41,2023-10-09 18:32:38,0,0,0,1,0,0,0,0,1,0,0
1accbf91-6b42-4c1d-a249-b427e937e6f7,1,144,house,420,3,3,1.65707E+18,2.27835E+18,4,24000000,24000000,-99.2077735,19.3197012,25,3,2023-03-30 05:32:07,2023-08-22 05:14:17,0,0,1,0,0,0,0,0,1,0,0
d04e2fb5-f842-446f-a6f8-5d6a2686a7d7,1,18,apartment,133,2,3,1.65707E+18,-1.64107E+18,2,7070018,7070018,-99.1807197,19.3418988,56,7,2023-08-11 06:13:34,2023-08-30 04:05:54,1,1,0,1,0,0,0,0,0,0,0
01e9db36-9a0c-459b-b7b1-99a3afb4b0b7,1,21,apartment,107,2,2,8.26101E+18,1.0186E+18,2,5000000,5000000,-99.16053772,19.37459575,60,4,2023-07-25 01:03:58,2023-08-15 05:04:14,1,1,0,0,0,0,0,1,1,0,1
bee63503-e4ec-4b26-88b2-f977ecf2ce22,1,70,apartment,64.67,2,2,-2.90037E+18,-7.94698E+18,2,3901100,3901100,-99.1582038,19.3928907,67,1,2023-04-13 23:51:59,2023-06-23 04:02:16,1,1,1,0,0,0,0,1,1,1,0
08b9ed3a-c68d-4d1c-9a37-9d138a841da0,0,39,apartment,141,2,2,-1.05558E+18,-2.02826E+17,2,5128000,5128000,-99.1699527,19.3745861,73,1,2023-09-06 17:56:06,2023-10-09 16:10:10,0,1,0,1,0,0,0,1,1,0,0
75b5117b-fdad-4208-ab6b-75c2acd5fb21,1,58,apartment,91,2,2,-1.05558E+18,3.77027E+17,1,3650000,3650000,-99.2162139,19.4778276,30,1,2023-08-19 00:54:56,2023-10-16 16:03:59,0,1,0,1,0,0,0,1,0,0,0
ccede769-2aed-472e-bd64-e4ae9255f400,0,16,apartment,85,2,3,8.26101E+18,-9.20031E+18,2,3800000,3800000,-99.1388678,19.3675732,34,2,2023-09-30 01:32:19,2023-10-09 16:12:13,0,1,0,0,0,0,0,1,0,0,1
211b9bbc-902d-4a6b-899c-9bc1ccb6d4f6,1,55,house,426,3,3,1.65707E+18,4.2944E+18,4,13500000,13500000,-99.1473363,19.2793012,33,2,2023-06-28 04:11:26,2023-08-22 05:27:06,0,0,1,1,0,0,0,1,1,0,0
25ae9b71-6522-4ecd-a16f-8ee2ded8648a,1,35,apartment,94,2,3,6.47434E+18,5.3678E+18,2,4420000,4420000,-99.151027,19.392447,79,1,2023-04-04 00:34:10,2023-05-09 04:13:07,0,0,1,0,0,0,0,0,1,0,0
8c654bdf-d37d-4c4b-900f-1a06af075bdb,0,137,house,735,,4,-1.05558E+18,4.66361E+18,4,26574417.3,30000000,-99.261433,19.3895061,35,2,2023-05-31 22:36:56,2023-10-16 17:07:58,1,0,1,0,0,0,0,1,0,0,0
4f3fde84-e87e-43d0-80aa-644de7fde4da,1,6,apartment,129,2,2,1.65707E+18,-3.54679E+18,2,8800000,8800000,-99.2065994,19.3069221,25,10,2023-07-18 06:36:24,2023-07-25 04:25:59,0,0,0,1,0,1,0,0,1,0,1
74d5910e-d9f1-4e7d-ac6d-5763528d1ce2,0,11,apartment,180,2,3,8.26101E+18,-7.17185E+18,2,11500000,11500000,-99.2087581,19.4416522,41,6,2023-10-05 01:09:55,2023-10-09 16:31:22,0,1,0,0,0,0,0,1,0,0,0
459b8ce4-0848-45be-a7ba-4eb0ce4828fb,1,34,house,160,2,2,8.26101E+18,-8.1032E+18,1,4000000,4000000,-99.098694,19.47294,81,11,2023-05-16 01:54:26,2023-06-19 22:35:11,0,0,1,0,0,0,0,0,1,0,0
1fef02e9-8f37-4181-b56b-1f7a42721e68,1,29,house,158,2,3,8.26101E+18,3.77027E+17,2,7500000,7500000,-99.1545126,19.3940319,67,2,2023-04-16 22:13:38,2023-05-16 21:25:00,0,0,0,0,0,0,0,0,0,0,0
f54223fd-6544-4f47-b2b3-390df46c86c8,0,87,apartment,68,2,2,8.26101E+18,-2.44545E+18,1,4503004,4503004,-99.17991056,19.38812895,68,1,2023-07-21 05:50:04,2023-10-09 16:11:16,0,1,0,0,0,0,0,1,0,0,1
a3d3d87f-7cc7-4c0f-ba22-c8549ab94019,1,48,apartment,123,3,3,6.47434E+18,4.64909E+18,1.4,6000000,6000000,-99.1587314,19.3897044,67,3,2023-07-18 18:05:38,2023-09-04 20:04:47,1,0,0,0,0,0,0,0,0,0,0
db5eb957-45c9-476c-af98-d8119f6a3b71,1,55,apartment,193,3.5,3,-1.05558E+18,3.77027E+17,2,9900000,9900000,-99.2550003,19.3904162,42,1,2023-06-20 12:23:15,2023-08-15 04:13:58,0,0,0,1,0,1,0,1,0,0,0
83fc6545-39b0-4137-93bb-eb05c2f628f0,0,107,apartment,290,3,3,1.65707E+18,1.71264E+18,2,17000000,17000000,-99.1956012,19.4340199,50,3,2023-07-01 06:03:14,2023-10-09 16:20:59,0,1,0,0,0,0,0,0,1,0,0
a635384d-aae0-4727-95ad-0b8523f90a21,0,30,apartment,63.68,2,2,-1.05558E+18,9.03635E+18,1,3232300,3232300,-99.1591203,19.4473462,63,1,2023-09-15 18:09:20,2023-10-16 16:16:39,0,0,0,1,0,0,0,0,1,0,0
ac3efab7-59f6-42cf-9719-8af06bd0b9e3,0,41,apartment,244,4,3,6.47434E+18,8.81531E+18,2,16000000,16000000,-99.2074,19.4302,47,3,2023-09-04 20:33:55,2023-10-09 18:33:30,1,1,0,0,0,0,0,1,0,0,1
661edce8-cf71-4a71-9580-ba948505053b,1,19,apartment,87,2,2,6.47434E+18,-6.79935E+18,1,4200000,4200000,-99.163891,19.365906,46,2,2023-04-19 06:03:21,2023-05-09 04:12:45,0,0,0,0,0,0,0,1,1,0,1
94743a8b-3b94-42ef-b890-a635a36621ee,0,21,apartment,123,2,2,1.65707E+18,3.77027E+17,,6800000,6800000,-99.2124772,19.4333695,44,2,2023-09-25 01:06:00,2023-10-09 16:21:31,0,1,0,0,0,0,0,0,0,0,0
b61f4e4d-5dd9-43ed-b711-a41dfc796da6,0,135,apartment,76,2,,8.26101E+18,4.49309E+18,1,3876000,3876000,-99.1695675,19.4306406,57,1,2023-06-03 06:24:30,2023-10-09 16:18:29,0,1,0,0,0,0,0,0,0,0,0
78e029c5-21ec-4a87-929c-90c9c1c87fd2,1,66,apartment,117,2.5,2,6.47434E+18,5.84833E+18,2,5320000,5320000,-99.217606,19.342968,42,1,2023-03-05 15:08:43,2023-05-11 04:02:22,1,0,1,1,0,1,0,1,1,0,0
3f87337f-fdde-44ca-977e-0780a18ba743,1,34,apartment,53.69,1,1,-1.05558E+18,3.77027E+17,2,3200000,3200000,-99.2965778,19.3470575,36,1,2023-05-16 14:28:48,2023-06-20 04:11:35,1,1,1,1,0,1,0,1,0,0,0
b91ae613-e63f-4eb4-ae95-5fc217580038,1,58,house,460,4,4,6.47434E+18,5.51429E+18,2,19500000,19500000,-99.17191,19.38622,79,2,2023-07-21 18:04:24,2023-09-18 17:49:55,0,0,0,0,0,0,0,0,1,0,0
ac3b0b7a-f9df-4f75-b82d-34f2f7a62db8,1,85,apartment,90,2,2,6.47434E+18,3.77027E+17,1,3247000,3247000,-99.092211,19.41772,95,1,2023-03-05 07:05:22,2023-05-30 04:28:03,1,0,0,0,0,0,0,0,1,0,1
5fdc80b5-1806-4eab-aa14-6443d1d8e67b,1,63,apartment,80.74,2,2,-1.05558E+18,2.9868E+18,2,3570000,3570000,-99.2040557,19.3614558,0,1,2023-06-05 13:46:58,2023-08-08 04:01:49,1,1,1,0,0,0,0,1,0,0,0
a3907b04-8be4-47b8-bc41-bc66fa9af5e6,1,85,apartment,162,2,3,6.47434E+18,4.04524E+18,1,5500000,5500000,-99.163464,19.38342,73,2,2023-03-05 15:02:27,2023-05-30 04:13:08,0,0,0,0,0,0,0,1,0,0,1
1a01ef61-4ee6-4661-9045-792fe375aea5,1,41,apartment,62,2,2,8.26101E+18,3.77027E+17,3.6,2200000,2200000,-99.16179655,19.3191802,24,2,2023-05-30 00:13:53,2023-07-10 19:19:25,0,0,0,0,0,0,0,0,0,0,0
fc7f8462-b330-4bdc-9b59-1b072e9a9993,0,60,apartment,62,1,2,8.26101E+18,3.77027E+17,1,2490000,2490000,-99.1741022,19.4443603,58,1,2023-08-16 18:39:17,2023-10-09 16:31:53,0,1,0,0,0,0,0,1,1,0,0
87067777-22ba-4eda-90f2-9db040ef9d97,1,72,apartment,110,2,2,8.26101E+18,3.77027E+17,2.4,4700000,4700000,-99.2297493,19.3366125,62,1,2023-06-10 00:33:00,2023-08-21 18:20:10,1,1,1,1,0,0,0,1,1,0,0
fd78a12d-3c4a-412c-a4aa-536f28812960,0,108,apartment,52,2,2,-1.05558E+18,1.91169E+18,1,2522666.67,2522666.67,-99.1069837,19.4018089,43,1,2023-06-30 15:02:01,2023-10-09 16:19:31,1,1,0,1,0,0,0,1,1,0,0
d7797711-e795-4abe-996b-160a03bceef5,1,41,house,120,1,2,1.65707E+18,3.77027E+17,3,3500000,3500000,-99.1870876,19.2839328,67,1,2023-04-29 05:32:39,2023-06-09 19:13:53,0,0,0,0,0,0,0,0,0,0,0
a6c89362-c716-4ea2-8cf1-4eb2eb85dc41,1,20,apartment,110,2,2,6.47434E+18,3.77027E+17,1,5350000,5250000,-99.1512132,19.3579387,94,2,2023-09-12 04:18:08,2023-10-03 00:45:29,1,1,0,0,0,0,0,1,0,0,0
322f31ce-dd49-4384-b523-bf4a00d3d844,1,104,apartment,150,2,3,1.65707E+18,-4.49169E+18,2,7700000,7650000,-99.158731,19.389704,67,3,2023-03-21 05:30:56,2023-07-04 04:10:18,0,1,0,0,0,0,0,1,1,0,0
0f117138-4c70-4909-ba60-8e045e8b355d,0,20,apartment,120,2,3,-8.59303E+18,-7.94698E+18,1,4530000,4530000,-99.19196,19.361839,1,1,2023-09-26 00:00:00,2023-10-16 16:01:29,0,1,0,0,0,0,0,0,0,0,0
42117058-4174-4c37-9064-f156a1eb87ce,0,137,house,305,4.5,5,-1.05558E+18,3.77027E+17,3,14500000,13500000,-99.19752,19.3498899,41,1,2023-05-31 22:35:07,2023-10-16 17:05:40,0,0,1,0,0,0,0,1,0,0,0
43d80c1e-27b7-41a5-89e4-576458afa017,1,53,apartment,74,1,1,8.26101E+18,-6.74907E+18,2,4700000,4700000,-99.27873,19.360998,35,5,2023-05-25 02:58:04,2023-07-17 19:29:45,0,1,1,1,0,1,0,1,0,0,0
f46507dd-2717-438a-84e9-0c4b1faa20fe,0,131,apartment,56.72,2,2,-1.05558E+18,3.77027E+17,1,2637839,2732801,-99.1546353,19.4689514,23,4,2023-06-07 10:39:46,2023-10-16 16:04:04,0,1,0,1,0,1,0,1,1,0,0
97126716-a28b-4b13-aa99-6408bc00a196,1,19,apartment,159,3,2,-1.05558E+18,3.77027E+17,2,8490000,8500000,-99.270676,19.3587814,35,1,2023-06-21 11:21:36,2023-07-11 04:12:47,0,1,0,1,0,1,0,1,1,0,0
29bd428c-4f26-4f90-95bc-c0aa35f136aa,1,14,apartment,60,1,1,8.26101E+18,3.77027E+17,1,2200000,2200000,-99.1941235,19.4819225,35,2,2023-07-31 04:09:21,2023-08-15 03:53:21,0,1,1,0,0,0,0,0,0,0,0
df6647da-726e-4000-bb57-b59e24054369,0,133,apartment,180,2,3,8.26101E+18,3.85838E+18,2,11300000,11000000,-99.18531,19.43725,57,3,2023-06-05 04:49:48,2023-10-09 16:32:22,0,0,0,0,0,0,0,1,1,0,1
613d1984-7d9b-48d8-8924-f7ff38641470,1,45,house,299,2,3,1.65707E+18,-4.49169E+18,5,9500000,9500000,-99.260723,19.338972,2,2,2023-03-21 05:32:28,2023-05-05 06:28:08,0,0,0,0,0,0,0,0,1,0,0
7248a403-ddd6-48c6-a3c6-a4e30def1935,0,125,apartment,70,1,1,-1.05558E+18,-2.55581E+18,1,6450000,6450000,-99.2726295,19.35848191,35,1,2023-06-12 23:12:05,2023-10-16 16:12:21,0,0,1,1,0,1,0,1,0,0,0
fc253e08-6671-4b96-bb05-cd8764b7430c,1,94,house,229,2,3,8.26101E+18,1.58397E+18,2,4047646,4047646,-99.0434218,19.2951131,42,1,2023-06-02 02:09:12,2023-09-04 19:37:04,0,0,1,1,0,0,0,1,1,0,0
161d70c7-95c6-42f2-8ab8-bb44828de52b,1,13,apartment,150,2,2,8.26101E+18,2.02312E+18,2,5700000,5700000,-99.2653277,19.3864602,42,2,2023-09-05 01:06:52,2023-09-18 16:28:13,0,0,0,0,0,0,0,0,0,0,0
f3ff2527-4577-4888-b4d0-4e1db13804f8,1,90,apartment,104,2,2,8.26101E+18,-6.79002E+18,1.4,7950000,7950000,-99.15475,19.434355,39,6,2023-04-18 04:24:08,2023-07-17 19:11:54,0,1,1,1,0,1,0,1,0,0,0
177dee66-99b5-42a0-b87f-316845319311,0,137,house,299,3.5,3,-1.05558E+18,2.05396E+18,2,27405000,24360000,-99.234486,19.4027972,46,2,2023-05-31 22:38:23,2023-10-16 17:09:41,1,0,1,0,0,0,1,1,1,0,1
6f17fbfa-37c5-4f52-bb5f-bb69b1a8349f,0,31,apartment,149,2,3,6.47434E+18,1.3372E+18,1,5500000,5500000,-99.1745744,19.4012378,61,4,2023-09-14 16:53:27,2023-10-09 17:56:32,0,0,1,0,0,0,0,0,0,0,1
6b3677a3-c927-4421-afab-5ddab49676d3,0,30,apartment,162,2,3,8.26101E+18,8.6208E+18,2,16200000,16200000,-99.1927408,19.4314674,43,1,2023-09-16 01:10:16,2023-10-09 16:31:21,0,1,0,0,0,0,0,1,1,0,1
0b00a2f1-30fc-45e2-a00b-d23464e2f676,1,21,apartment,90,,2,1.65707E+18,-3.83497E+18,2,5012919,5012919,-99.2189838,19.3392293,0,13,2023-09-11 01:40:19,2023-10-02 16:05:15,0,0,0,1,0,0,0,1,1,0,0
4a239cf7-a523-4362-a0a0-c3d3c2561940,0,133,apartment,188.61,2.5,2,-1.05558E+18,-3.49411E+18,2,14072555,13950000,-99.1871364,19.4336394,57,1,2023-06-04 16:13:19,2023-10-16 16:22:59,1,1,0,0,0,0,0,1,0,0,0
e8dd3c95-9006-4045-ba9c-cc9887e81905,1,177,house,175,2,3,1.65707E+18,3.77027E+17,3,6900000,6900000,-99.2362654,19.3373655,0,2,2023-03-27 11:22:45,2023-09-20 16:18:24,1,0,1,0,0,0,0,1,1,0,0
b2ed3811-6ad8-42b7-b477-13030c4a3a4a,1,80,house,200,2,3,8.26101E+18,3.77027E+17,2,4000000,4000000,-99.0817274,19.3878613,36,3,2023-06-16 01:06:23,2023-09-04 19:33:59,0,0,0,0,0,0,0,0,0,0,0
93644d41-2805-425d-9acc-4848c9e39bca,0,51,apartment,89,1,2,8.26101E+18,5.6546E+17,1,4171500,4171500,-99.1901107,19.3831096,68,3,2023-08-25 18:35:59,2023-10-09 16:14:59,0,1,0,1,0,0,0,0,1,0,0
3a4d069b-e6ee-4836-a773-9b77119bd411,1,170,apartment,161,3,3,8.26101E+18,3.77027E+17,2,7790000,7790000,-99.17647005,19.37706532,58,1,2023-03-18 00:02:58,2023-09-04 18:07:47,0,1,0,0,0,0,0,1,0,0,0
ea972ef8-ff18-4ca3-aadb-e818c5d61e18,1,14,apartment,143,2,2,-1.05558E+18,3.77027E+17,2,6800000,6800000,-99.17508601,19.40244707,61,2,2023-05-22 09:25:18,2023-06-05 23:13:11,1,1,1,0,0,0,1,1,1,0,0
e5aca607-6a6c-4c48-8923-5cabda4f4362,1,62,apartment,67.3,1,1,-1.05558E+18,5.67636E+18,1,4190000,4190000,-99.1563179,19.4152436,74,1,2023-04-04 08:25:50,2023-06-05 23:08:06,1,1,0,0,0,0,0,1,1,0,0
065d3f30-3d3e-4365-ac67-318a69697e0b,1,155,apartment,56,1,2,8.26101E+18,7.66011E+18,1,1732805,1826938,-99.1075731,19.4884937,24,3,2023-04-16 03:33:50,2023-09-18 16:28:24,1,1,1,0,0,0,0,1,1,0,0
dc272b44-0ea7-4956-81cd-7cf6ba2b5436,0,135,apartment,75,2,2,8.26101E+18,5.3678E+18,1,3450000,3100000,-99.1508627,19.3884849,79,2,2023-06-03 06:25:45,2023-10-09 16:14:38,1,0,0,0,0,0,0,0,0,0,0
fe439e36-6038-469e-80ab-dc675dea8710,0,60,apartment,158,3,3,8.26101E+18,3.77027E+17,2,7500000,6950000,-99.18502755,19.3625688,72,2,2023-08-17 01:14:39,2023-10-09 16:09:40,0,1,1,0,0,0,0,1,0,0,0
81d844ef-f107-4b33-ab21-ddbfb85e2bb8,0,33,house,225,5,5,8.26101E+18,3.77027E+17,2,10000000,10000000,-99.2570787,19.3807372,43,1,2023-09-13 01:08:49,2023-10-09 17:31:42,0,0,0,1,0,0,0,0,1,0,1
3fc71261-5c9b-4509-9ab9-fc6811a1467e,0,47,apartment,80,2,2,-1.05558E+18,-7.02745E+18,,4480000,4480000,-99.16713,19.3925545,53,2,2023-08-29 17:24:06,2023-10-16 16:06:35,0,1,0,0,0,0,0,1,1,0,0
151d833e-d61a-444f-82d6-1e906d58b2d4,0,137,house,533,3.5,3,-1.05558E+18,-8.46646E+18,4,25600000,25600000,-99.2036533,19.301612,53,1,2023-05-31 22:39:23,2023-10-16 17:10:59,0,0,1,1,0,0,0,1,0,0,0
b309f40f-4751-475f-97d0-60e9cfb86e82,0,94,apartment,164,4,3,6.47434E+18,6.44067E+18,2,14000000,9207784,-99.2663,19.3632,35,2,2023-07-13 18:01:07,2023-10-09 17:57:05,0,0,0,0,0,1,0,1,1,0,0
6f9e2f11-9b78-4f32-8fab-93cfd4569c4d,0,39,apartment,55,1,2,-1.05558E+18,-2.02826E+17,1,2406680,2406680,-99.080475,19.3968705,62,1,2023-09-06 17:56:03,2023-10-09 16:19:31,1,1,1,1,0,0,0,1,1,0,0
909174be-fe9e-4024-8b85-89468fe6bf45,1,24,house,225,2,3,1.65707E+18,3.77027E+17,3,11650000,11650000,-99.1626647,19.3859833,73,1,2023-07-07 10:01:13,2023-08-01 05:43:34,0,0,0,0,0,0,0,0,0,0,0
3819922a-7e91-48cd-a5f0-09696cfdf17d,0,68,house,77,2,3,8.26101E+18,3.77027E+17,2,3500000,3500000,-99.25955772,19.29737239,57,1,2023-08-09 03:05:11,2023-10-09 17:32:45,0,0,1,0,0,0,0,0,0,0,0
724113dc-4c37-4d07-91a9-bc2f821a860b,1,29,apartment,86,2,2,8.26101E+18,7.66011E+18,2,5950016,5950016,-99.1781599,19.4394119,58,1,2023-04-15 22:04:43,2023-05-15 19:36:51,0,1,1,1,0,0,0,1,1,0,0
229ed79a-3052-460e-badc-4102c72e40b1,1,29,apartment,65,1,2,8.26101E+18,3.77027E+17,1,2130000,2130000,-99.1318233,19.2883316,56,1,2023-04-13 22:11:21,2023-05-13 19:39:10,0,0,0,0,0,0,0,0,1,0,1
b8ad55a9-1257-4a21-adba-eb21f1c63cee,0,39,apartment,71,1,2,6.47434E+18,-9.20031E+18,2.2,3262280,3262280,-99.1570821,19.3754392,60,2,2023-09-06 18:47:21,2023-10-09 18:04:31,1,0,0,0,0,0,0,0,0,0,0
e0c2fd32-9f98-4f47-a185-eb78f9cfef8e,0,6,house,467,4,4,1.65707E+18,-2.59735E+18,3,15900000,15900000,-99.2541856,19.3989583,44,16,2023-10-09 17:44:58,2023-10-11 16:13:05,0,0,1,1,0,0,1,0,1,0,0
f794b293-5d84-487c-b886-b59c75cae6dc,1,40,apartment,84,2,2,8.26101E+18,2.11219E+18,1,3495000,3495000,-99.170522,19.4357233,54,4,2023-05-31 01:09:07,2023-07-10 19:10:59,0,1,0,0,0,0,0,1,0,0,1
30463594-1577-4f5c-be3c-2e02e6ee63cc,1,48,apartment,133,,3,1.65707E+18,-8.81765E+17,3,8000070,8000070,-99.200512,19.4432414,54,1,2023-06-21 04:06:28,2023-08-08 04:20:34,0,1,0,1,0,1,0,0,1,0,0
2766d815-4cad-4560-824b-cf7f72e80d46,1,49,house,445,4,6,6.47434E+18,3.77027E+17,4,13600000,13600000,-99.16577,19.28392,61,1,2023-06-19 20:17:26,2023-08-07 22:54:56,0,0,0,0,0,0,0,0,0,0,0
020dbed9-9fcc-41e4-82fc-a0d868cac9be,0,31,house,670,4,3,6.47434E+18,3.77027E+17,4,23100000,23100000,-99.224068,19.32968175,71,2,2023-09-14 16:54:37,2023-10-09 18:31:21,0,0,1,0,0,0,0,1,0,0,0
f37591a8-d616-4107-b9bf-9c2584bf349c,1,29,apartment,70,2,2,8.26101E+18,7.93123E+17,2,3200000,3200000,-99.1871904,19.3864679,72,2,2023-09-02 18:06:59,2023-10-02 16:13:18,1,1,0,0,0,0,0,1,0,0,0
5ad7ff31-306a-4bac-95a2-4b81dbd453f3,0,25,apartment,131,2.5,2,-1.05558E+18,-7.02745E+18,2,10375354,10375354,-99.2662189,19.3619875,35,7,2023-09-21 02:10:56,2023-10-16 16:13:09,1,1,1,1,0,1,0,1,1,0,0
e5d51c0a-70e9-4e90-b7a6-ff4cfffaf4b1,1,61,apartment,65,2,2,8.26101E+18,3.77027E+17,1,3100000,3100000,-99.1492603,19.3750248,60,1,2023-06-07 01:40:06,2023-08-07 19:52:44,1,1,0,1,0,0,0,1,1,0,1
6e9d21f3-3bd9-438e-8fd8-0fa0cb4a49e8,1,54,apartment,65,2,2,8.26101E+18,-3.0175E+18,2,3600700,3600700,-99.15601,19.392885,67,3,2023-05-31 01:09:21,2023-07-24 18:54:00,0,1,1,1,0,0,0,1,1,0,1
2ba283ac-3318-4f98-a953-b3aac2448ac8,1,28,apartment,150,3,3,8.26101E+18,3.77027E+17,2,6300000,6300000,-99.2651309,19.389688,36,2,2023-04-18 23:23:40,2023-05-17 23:08:56,0,1,0,1,0,0,0,1,1,0,0
ca49c166-1bf9-437f-b752-e07a3cdfdf2a,1,107,house,293,3,3,8.26101E+18,2.94855E+18,3,15490000,15490000,-99.281302,19.3639533,34,2,2023-03-04 00:34:00,2023-06-19 22:30:23,0,0,1,0,0,1,1,0,1,0,0
77b6ecc0-9ca6-408d-bc6c-e1bce2ef14f9,1,23,apartment,45,1,2,6.47434E+18,6.68759E+18,1,1850000,1850000,-99.141244,19.411659,82,1,2023-05-06 06:04:52,2023-05-30 04:21:29,0,0,1,1,0,0,0,0,0,0,0
f580d274-d602-46b3-a83e-33f3400e4dbe,0,124,apartment,55,1,2,8.26101E+18,3.77027E+17,1,1950000,1950000,-99.1238685,19.4579724,34,2,2023-06-14 01:15:36,2023-10-09 16:17:16,1,1,0,1,0,0,0,1,1,0,0
44d00351-24c9-4046-8d39-b1c8001fe4d7,1,90,house,536,4,6,6.47434E+18,-7.29747E+18,4,14597000,14597000,-99.15826,19.39778,67,1,2023-03-05 06:28:59,2023-06-04 04:05:47,0,0,0,0,0,0,0,1,0,0,0
df4b0735-d460-4416-a049-d01a65f8c95e,1,85,apartment,80,1,2,8.26101E+18,3.77027E+17,1,2500000,2500000,-99.2189305,19.3686236,37,2,2023-05-07 05:37:05,2023-07-31 18:14:09,0,0,0,0,0,0,0,0,0,0,0
5d8b92ec-cdd2-4f6c-8692-f0145db667f9,1,85,house,383,4,6,6.47434E+18,3.77027E+17,1,5250000,5250000,-99.091547,19.498783,47,1,2023-03-05 08:35:49,2023-05-30 04:49:39,0,0,0,0,0,0,0,0,0,0,0
84db0ed9-178e-431e-aae0-76067dd0c377,0,137,house,592,4,3,-1.05558E+18,3.94644E+17,8,19000000,18000000,-99.2243913,19.3065876,69,1,2023-05-31 22:39:22,2023-10-16 17:10:59,0,0,1,0,0,0,0,1,0,0,1
ced2ae96-584f-42fc-a1ff-a01b1c7ec8e3,1,90,apartment,75,1,2,6.47434E+18,5.32514E+18,2,6190000,6190000,-99.179203,19.388826,68,2,2023-03-05 10:32:30,2023-06-04 04:04:41,1,1,0,0,0,0,0,1,1,0,0
03df15fd-3af6-4235-b49c-53b8695f69ef,0,136,apartment,39,1,1,8.26101E+18,-7.07626E+18,1,3432000,3432000,-99.1632214,19.4220329,74,1,2023-06-02 01:30:02,2023-10-09 16:16:39,0,1,1,1,0,1,0,1,0,0,0
fe35e7c0-7d96-47ff-9fc6-8a820fd1ae91,1,66,apartment,67,1,2,8.26101E+18,7.66011E+18,,4600004,4600004,-99.160168,19.4356867,70,3,2023-07-14 00:58:50,2023-09-18 16:18:54,1,1,0,1,0,0,0,1,1,0,0
84e1b567-999e-4cda-aa6f-355864d0e6b1,0,137,house,566,6,5,-1.05558E+18,-7.02745E+18,3,16600000,15950000,-99.2937861,19.3470893,36,5,2023-05-31 22:36:52,2023-10-16 17:08:02,0,0,1,0,0,0,0,1,1,0,0
81fdf377-f94a-499b-b438-932924234dbf,0,40,house,298,5,4,8.26101E+18,3.77027E+17,2,8000000,8000000,-99.1185778,19.3075988,45,2,2023-09-05 18:06:29,2023-10-09 17:28:53,0,0,1,0,0,0,0,0,0,0,1
f9cae5d7-a117-4343-9a22-d54c4a599917,1,19,house,260,2,3,8.26101E+18,-7.46591E+18,2,6200000,6200000,-99.13275,19.395992,85,3,2023-05-31 02:26:49,2023-06-19 22:21:47,1,0,0,0,0,0,0,0,1,0,0
a50125a2-3c7e-4346-8dd1-ea514a44ee0c,1,29,apartment,60,2,2,8.26101E+18,3.77027E+17,1,3275000,3275000,-99.1474134,19.3794937,53,1,2023-04-06 00:20:23,2023-05-05 21:06:26,0,0,0,0,0,0,0,0,0,0,0
52339b2b-6cd5-4e71-8114-0eee427e8b70,1,7,apartment,91,2,2,1.65707E+18,-2.2874E+18,1,9359242,9359241,-99.1858363,19.4094496,78,20,2023-08-15 04:17:24,2023-08-23 04:06:11,1,1,0,1,0,0,0,0,1,0,1
b9c865a9-ca85-4869-8d6a-53323d333a28,0,41,apartment,63,1,2,6.47434E+18,5.84833E+18,1,3100000,3100000,-99.1439403,19.3602551,94,5,2023-09-04 19:58:51,2023-10-09 18:03:21,0,0,0,0,0,0,0,0,0,0,0
3af13d43-01df-4c57-8df3-1d2362589cd3,1,159,house,220,2,3,1.65707E+18,9.19812E+18,2,4900000,4900000,-99.3013599,19.3519529,44,2,2023-04-26 22:14:55,2023-10-03 16:18:52,0,0,1,0,0,0,0,0,1,0,1
3076bd21-7a55-4e46-be92-ce727b8e0861,0,137,apartment,86,1,2,8.26101E+18,2.02179E+18,1.6,2250000,2250000,-99.1528367,19.4391979,46,6,2023-06-01 01:08:27,2023-10-09 16:20:28,0,0,0,0,0,0,0,0,0,0,0
cd516a89-5a3a-498b-9ec5-175af972f9cc,1,42,apartment,69,2,2,-1.05558E+18,2.00522E+18,1,2900000,2850000,-99.1419929,19.3912833,59,1,2023-06-12 13:45:56,2023-07-25 04:05:18,1,0,0,0,0,0,0,1,0,0,1
15aa76dd-c47f-4629-b492-40c84e9d179d,1,44,apartment,103,2,2,1.65707E+18,-3.54679E+18,2,8309068,8309068,-99.1724262,19.4125719,65,1,2023-04-29 05:31:03,2023-06-13 04:17:42,1,1,1,1,0,0,0,0,1,0,0
5bdcd3f7-b2ec-4841-97c0-48b19be958e4,1,40,apartment,61,1,2,8.26101E+18,-1.50093E+18,1.4,1660000,1660000,-99.1917656,19.4629135,51,1,2023-07-05 06:47:43,2023-08-15 06:14:44,0,0,1,1,0,0,0,1,0,0,1
5c310303-eebf-405f-b846-b31e9277d325,0,131,house,628,5,5,8.26101E+18,3.77027E+17,4,23650000,23650000,-99.2002243,19.3021419,53,1,2023-06-07 03:13:50,2023-10-09 17:36:11,0,0,1,1,0,0,1,1,1,0,0
3a0d8624-3554-4a0c-a12e-6be519c19505,1,46,house,217,2,2,8.26101E+18,1.62552E+17,6,4600000,4600000,-99.1694332,19.3001398,29,13,2023-04-28 01:12:00,2023-06-13 03:18:29,0,0,0,0,0,0,0,0,0,0,0
e46b20b3-feb4-44d5-9bd0-edbec95e11b6,1,80,apartment,117,2,3,8.26101E+18,1.08069E+18,2,5000000,5000000,-99.18547305,19.38570707,72,3,2023-05-12 02:33:26,2023-07-31 18:18:13,0,1,0,0,0,0,0,0,0,0,0
a61fca01-38ce-4713-b558-d27ead955b8c,1,14,apartment,105,2,2,8.26101E+18,3.77027E+17,1,5850000,5850000,-99.186351,19.43497345,57,1,2023-09-04 01:56:38,2023-09-18 16:35:23,0,1,0,0,0,0,0,1,0,0,0
5be1d8f3-1a43-4366-b74d-6453cfbf7e06,0,125,house,421,3,4,8.26101E+18,6.18767E+18,3,15000000,15000000,-99.1864391,19.365348,72,5,2023-06-13 02:44:41,2023-10-09 17:28:23,0,0,0,0,0,0,0,0,0,0,0
e79f7961-3e6c-47c9-9c8f-e8e477003d6e,1,27,house,204,2,4,6.47434E+18,6.25303E+18,1,6274818,6074818,-99.13802605,19.4871891,63,1,2023-08-08 18:42:09,2023-09-04 20:24:29,0,0,0,0,0,0,0,0,0,0,0
70fbd826-43de-47a8-903e-d795c4a03d83,0,30,house,108,,2,-2.90037E+18,-7.94698E+18,2,4950000,4950000,-99.2414872,19.3821053,46,1,2023-09-16 04:07:20,2023-10-16 16:08:23,0,0,0,0,0,0,0,0,0,0,0
dca3e1c3-8593-4943-a8bc-5c7623bcf393,1,20,apartment,100,2,2,8.26101E+18,3.77027E+17,2,5490000,5490000,-99.1821956,19.439561,58,2,2023-08-29 02:45:33,2023-09-18 16:30:13,0,1,1,1,0,1,0,1,0,0,1
f5465bc0-412c-4cdc-afe9-c4f74cd5460e,1,75,apartment,78,2,2,-1.05558E+18,-7.00406E+18,1,4550000,4550000,-99.1812033,19.4053298,61,1,2023-05-17 12:03:20,2023-08-01 04:22:20,1,1,0,0,0,0,0,1,1,0,0
c7b50ee6-e84e-4935-a6ed-ddc870c1857b,0,132,apartment,107,2,3,-1.05558E+18,3.77027E+17,,4955000,4699000,-99.2142015,19.3377459,39,2,2023-06-05 22:56:06,2023-10-16 16:02:26,0,1,0,1,0,1,0,1,1,0,0
d364cf3e-d68a-4fc5-b22f-8b83f2c46f52,0,149,apartment,365,3.5,3,-1.05558E+18,-8.65523E+18,4,15500000,15500000,-99.2550003,19.3904162,42,2,2023-05-19 19:14:43,2023-10-16 16:15:15,0,1,0,1,0,1,0,0,0,0,0
e6149050-e580-4382-87ca-70b4718d4995,1,69,apartment,64,1,2,8.26101E+18,3.77027E+17,3.2,2300000,2300000,-99.1519,19.38599,79,2,2023-06-13 11:28:20,2023-08-21 19:07:31,0,0,0,0,0,0,0,0,0,0,0
8a345460-319a-4ae1-8984-8e3520ab712e,1,54,house,568,4,4,8.26101E+18,-2.36105E+18,6,27500000,27500000,-99.1956376,19.3598925,1,2,2023-06-28 18:24:18,2023-08-22 00:19:02,0,0,1,0,0,0,1,1,1,0,1
9074674c-3332-42f1-a048-0aae7ab1ccd8,1,82,apartment,78,2,2,1.65707E+18,-7.03415E+18,2,4136177,4136177,-99.2189838,19.3392293,0,2,2023-06-01 04:01:14,2023-08-22 04:05:42,1,0,1,1,0,1,0,0,1,0,0
da9be730-452e-48aa-86a1-be80e2f58007,1,52,apartment,73,1,2,8.26101E+18,8.93953E+18,1,2890000,2890000,-99.1591446,19.3794059,67,5,2023-05-25 19:15:37,2023-07-17 18:28:11,1,0,0,0,0,1,0,1,0,0,1
88d65fc2-6760-4a58-aa55-5e74a8719490,1,100,apartment,62,1,1,8.26101E+18,3.77027E+17,1,3750000,3750000,-99.14565036,19.43435433,58,1,2023-06-24 02:00:54,2023-10-02 16:24:35,0,0,0,1,0,1,0,1,1,0,0
814656ad-d002-41a2-97d5-c44ecbf4b27d,0,133,house,515,6,3,8.26101E+18,-6.64801E+18,5,26500000,26500000,-99.19934315,19.30638195,59,13,2023-06-05 05:14:13,2023-10-09 17:28:38,0,0,1,0,0,0,1,0,1,0,0
9b5a4d1b-ad9d-4c2e-a164-e9a61df60662,0,118,apartment,106,2,2,6.47434E+18,3.77027E+17,2,5350000,5350000,-99.15565,19.40319,36,2,2023-06-19 18:34:14,2023-10-09 18:06:58,0,1,0,0,0,0,0,0,0,0,0
d83b383b-69eb-4177-802c-695d87d9ad85,1,12,apartment,80,2,2,6.47434E+18,3.77027E+17,2,3500000,3500000,-99.18847,19.392,72,3,2023-05-22 04:04:41,2023-06-04 04:04:40,0,1,0,1,0,0,0,1,1,0,0
6ca02f3d-0179-47be-9c72-05279f457e1c,0,21,apartment,56,1,,-1.05558E+18,-1.24095E+18,1,1990000,1990000,-99.0701574,19.3930294,47,3,2023-09-25 10:30:39,2023-10-16 16:19:55,0,1,0,1,0,0,0,1,1,0,1
9bbdde3b-93ea-4fa7-a528-ae8dd336f0cd,1,28,house,237,4,4,8.26101E+18,3.77027E+17,2,11600000,11600000,-99.1849818,19.3524037,30,2,2023-04-18 22:42:44,2023-05-17 21:00:37,0,0,1,0,0,0,0,1,0,0,0
18fa28b4-dbcf-4435-bc8f-571201b3cad8,1,6,house,475,4,3,8.26101E+18,-3.13989E+18,4,9700000,9700000,-99.2980381,19.3618717,32,7,2023-05-11 20:32:12,2023-05-17 21:07:45,0,0,1,1,0,0,0,1,1,0,0
715ac272-56ec-43ae-a062-7f35f3cbf36b,1,15,apartment,60,2,2,8.26101E+18,4.66361E+18,1,3116000,3116000,-99.19549415,19.37585305,59,1,2023-08-06 01:33:28,2023-08-21 18:21:46,0,1,0,0,0,0,0,1,1,0,0
4259f7ac-cc18-4e16-9089-31eced02fc35,1,77,house,236,2,3,6.47434E+18,-2.7337E+18,4,14999000,14999000,-99.1383976,19.3630098,62,4,2023-06-19 19:44:31,2023-09-04 20:28:13,0,0,0,0,0,0,0,0,1,0,0
e419f0a4-db73-4b5f-a192-9fb380ac7d8a,1,41,apartment,96,1.5,1,-1.05558E+18,8.00176E+18,1,8000000,9000000,-99.1616682,19.4286725,59,1,2023-06-08 04:02:13,2023-07-19 04:02:55,0,1,1,1,0,1,0,1,1,0,0
0078bb22-05a6-4227-89c7-1f991d51d1dc,1,35,apartment,120,2,2,6.47434E+18,5.84833E+18,2,6210000,6210000,-99.152771,19.385908,79,1,2023-04-04 00:34:28,2023-05-09 04:13:30,0,1,0,1,0,0,0,1,1,0,1
1818223b-ac97-4e09-91bd-8d2d1be75797,0,27,apartment,113,2,3,8.26101E+18,3.77027E+17,2,5200000,5200000,-99.1829777,19.3861777,72,2,2023-09-19 01:26:24,2023-10-09 16:15:21,1,1,0,0,0,0,0,1,0,0,1
68c3ec6f-8e6c-4229-b3d0-c1ce350d5ba5,1,60,apartment,132,3,3,8.26101E+18,3.77027E+17,2,5700000,5700000,-99.17821257,19.39618376,68,1,2023-05-18 02:57:35,2023-07-17 18:24:53,0,1,0,0,0,0,0,1,0,0,0
91a39437-19a4-480e-9352-aae8e273f28d,1,69,apartment,70,2,2,-1.05558E+18,3.77027E+17,1,3800000,3800000,-99.15941131,19.40159704,36,1,2023-07-25 13:57:48,2023-10-02 16:04:52,0,1,0,0,0,0,0,1,1,0,0
8ecac377-6bb8-4d19-a7f1-a7523f5a943d,1,164,apartment,84,1,1,8.26101E+18,3.77027E+17,1,4410400,4410400,-99.190053,19.3455195,23,1,2023-03-10 04:58:18,2023-08-21 18:18:02,0,1,1,1,0,1,0,1,1,0,1
c2c7918f-8a81-4033-9153-dba3ee43581e,1,63,apartment,87,1,2,6.47434E+18,3.77027E+17,1,3600000,3600000,-99.17397,19.38516,79,2,2023-06-19 18:31:08,2023-08-21 22:35:08,1,1,0,0,0,0,0,0,0,0,1
e45e8e97-9425-47ad-a0e0-8138c3334638,1,62,apartment,117,2.5,2,-1.05558E+18,3.77027E+17,2,7900000,7900000,-99.2749903,19.3567607,35,1,2023-07-04 10:15:00,2023-09-05 04:12:37,1,0,0,1,0,1,0,1,1,0,0
3f3eea70-f935-4f5b-8cce-d35b155d8714,1,153,apartment,82,2,2,-1.05558E+18,8.72805E+18,1,3200000,3375000,-99.1683774,19.4345677,57,1,2023-04-04 09:06:15,2023-09-05 04:17:10,0,1,0,0,0,0,0,0,0,0,0
4775aa2e-da2b-4378-91a9-b7aefc0147fd,1,121,apartment,269,2,3,8.26101E+18,4.49309E+18,3,10475773,10475773,-99.3094019,19.3401429,58,1,2023-03-18 04:19:07,2023-07-17 19:26:11,1,1,1,1,0,1,0,1,1,0,0
c5c1dcd7-822d-43ef-9700-4c11580eb41d,1,118,house,210,2,3,1.65707E+18,-4.49169E+18,3,6500000,6500000,-99.144502,19.270741,56,1,2023-03-21 05:33:01,2023-07-18 05:07:26,0,0,1,0,0,0,0,0,1,0,0
fdb136e3-b6a2-4aed-bd5f-a74434b4f46d,1,62,apartment,111,2,3,-1.05558E+18,2.3559E+18,1.8,5644000,5644000,-99.1580693,19.3923907,67,1,2023-05-16 19:12:28,2023-07-18 04:08:42,1,0,0,0,0,0,0,0,1,0,0
2f7e8eb3-f706-407f-ab30-cee055409142,0,56,apartment,79,,3,8.26101E+18,3.77027E+17,1.8,3000000,3000000,-99.145562,19.3654237,81,1,2023-08-21 03:04:37,2023-10-09 16:14:36,0,0,0,0,0,0,0,0,1,0,1
97db0f0f-0ed2-4bb1-8659-a9fa8280343f,1,88,apartment,55,1,1,8.26101E+18,-6.70962E+18,3,2290000,2290000,-99.177576,19.3820604,37,1,2023-03-23 04:03:07,2023-06-19 18:20:43,0,1,0,0,0,0,0,0,0,0,1
c8ce927a-dbd9-45d0-8dd2-e74ff5198231,0,17,apartment,60,1,2,-1.05558E+18,3.77027E+17,1,2780000,2780000,-99.1574697,19.3909167,67,1,2023-09-29 13:12:16,2023-10-16 16:04:37,0,0,0,1,0,0,0,0,0,0,1
26004190-083a-401d-942b-cfa1048e25be,0,104,apartment,107,2,2,6.47434E+18,3.77027E+17,1,4500000,4500000,-99.15839,19.367609,43,3,2023-07-03 18:29:23,2023-10-09 18:06:38,0,1,0,0,0,0,0,1,0,0,0
66c212b7-2a37-41ce-9d0d-3142c1c77e5c,1,47,apartment,78,1,2,8.26101E+18,3.77027E+17,2,2800000,2515000,-99.2250279,19.3648181,44,2,2023-07-05 01:14:16,2023-08-21 18:28:01,0,0,1,0,0,0,0,0,0,0,1
9b64de09-0faa-416b-b9bd-a24ff3eac6b8,0,88,house,300,3,5,8.26101E+18,-7.30076E+18,2,10750000,10750000,-99.1572363,19.4237947,74,1,2023-07-20 01:23:22,2023-10-09 17:29:51,0,0,0,0,0,0,0,0,0,0,0
1014256d-2133-45f6-9ed7-f5de1bd7b070,0,137,apartment,114.2,2,3,-1.05558E+18,-3.49975E+18,2,5140721,5311840,-99.1492092,19.3924741,63,1,2023-05-31 20:55:06,2023-10-07 16:01:57,1,1,0,0,0,0,0,1,0,0,0
32919a99-0dbb-4c5b-87f4-255fec641013,1,38,house,221,3,3,8.26101E+18,-1.26959E+18,2,7200000,7200000,-99.14510883,19.27138357,56,2,2023-05-12 01:37:15,2023-06-19 22:59:32,0,0,1,0,0,0,1,1,1,0,1
210d1691-40af-48f2-b76b-5656d92fdc59,1,164,house,540,4,4,8.26101E+18,3.77027E+17,4,27670527,28746099.83,-99.2724,19.3835,43,2,2023-04-21 01:22:02,2023-10-02 17:39:49,0,0,1,1,0,1,0,1,1,0,1
32a2305b-5647-494c-922d-537a923a5a78,0,122,house,196,2,3,6.47434E+18,3.77027E+17,2,7500000,7300000,-99.1230256,19.3015616,51,1,2023-06-15 23:52:27,2023-10-09 18:41:47,0,0,1,0,0,0,0,1,0,0,0
7a0652e5-014b-4fb5-9382-768cbafc4629,0,137,house,300,3.5,3,-1.05558E+18,3.51285E+18,2,16000000,16000000,-99.2965778,19.3470575,36,1,2023-05-31 22:36:57,2023-10-16 17:07:58,0,0,1,0,0,0,0,1,0,0,1
a1d861a4-5c03-4558-b1bd-982b86b313ce,1,66,apartment,160,2.5,2,-1.05558E+18,-2.50732E+18,2,7000000,7000000,-99.1618449,19.426753,59,1,2023-04-14 19:02:17,2023-06-20 04:18:42,1,1,0,0,0,0,0,1,1,0,0
612fb748-30ea-4374-babe-6f10cd8864ed,1,116,house,264,4,4,8.26101E+18,7.66011E+18,4,5800000,5800000,-99.288471,19.3657423,47,5,2023-05-18 01:30:23,2023-09-11 19:45:31,0,0,0,0,0,0,0,0,0,0,0
eb11674b-1a34-469d-92dd-5e1fdd6b8fad,0,53,apartment,75,2,2,6.47434E+18,3.77027E+17,1,3850000,3850000,-99.17439703,19.40179581,61,2,2023-08-23 18:51:59,2023-10-09 18:32:01,0,1,0,0,0,0,0,0,0,0,1
dc4846e5-f959-4039-a1d0-25136391eaff,1,54,apartment,65,1,2,1.65707E+18,3.77027E+17,0,1550000,1550000,-99.0943707,19.4782223,71,4,2023-06-28 07:11:18,2023-08-22 04:20:01,0,0,1,0,0,0,0,1,0,1,0
62cd46b6-a3b8-4a45-b902-144c70c10c25,0,32,apartment,86,2,2,-1.05558E+18,2.46643E+18,2,5400000,5400000,-99.1612544,19.3642673,46,7,2023-09-14 15:24:57,2023-10-16 16:07:14,1,1,1,1,0,1,0,1,0,0,0
e7a86cae-3189-4266-bb6c-0bb90dea0d9d,0,85,apartment,75,2,2,-1.05558E+18,3.77027E+17,3,4200000,4200000,-99.1829966,19.4435886,20,1,2023-07-23 15:50:12,2023-10-16 16:21:02,0,0,1,1,0,0,0,1,0,0,0
06d8726f-d6a4-4531-b79b-c3286d8656b0,1,49,apartment,75,2,2,6.47434E+18,3.77027E+17,1,3490000,3490000,-99.15921,19.39076,67,3,2023-06-19 18:28:08,2023-08-07 19:15:49,0,0,0,0,0,0,0,1,1,0,1
2e9442d5-a3e9-47c3-b7a9-abc8eed3e01c,0,116,apartment,93,2,2,-1.05558E+18,-2.09159E+18,2,6300000,6300000,-99.1774462,19.4149803,74,12,2023-06-22 12:30:38,2023-10-16 16:18:00,0,1,0,0,0,0,0,1,1,0,0
c8b2cb6c-25eb-4f90-999c-0bdf5b2d5a6e,0,173,apartment,128,2,2,8.26101E+18,3.77027E+17,3,6900000,6800000,-99.1735748,19.373816,58,8,2023-04-25 22:30:04,2023-10-09 16:08:34,0,1,1,1,0,0,0,1,0,0,1
24311318-9725-4edf-a4e3-cdb6e566ac28,0,45,house,220,3,3,1.65707E+18,-1.65556E+18,3,5950000,5950000,-99.1063094,19.3057645,48,1,2023-08-31 17:51:47,2023-10-09 17:17:32,0,0,0,0,0,0,0,1,0,0,0
538e7e14-935a-4bcd-968b-699c302f1073,1,90,apartment,236,2.5,3,6.47434E+18,7.94851E+18,,9800000,9800000,-99.22165,19.32156,65,3,2023-03-05 06:51:44,2023-06-04 04:11:39,0,0,1,0,0,0,0,0,1,0,1
30ce4bb3-f9ce-45ab-8853-283c9f5d3408,0,107,apartment,175,2,2,1.65707E+18,-5.12714E+18,2,15700000,15700000,-99.1995969,19.4344798,50,8,2023-06-30 21:39:47,2023-10-09 16:21:04,1,1,0,0,0,0,0,1,0,0,0
7316783c-4a08-497f-bb77-ffad9668ec73,0,61,apartment,70.08,2,2,-1.05558E+18,-5.68504E+18,2,7619000,7619000,-99.1976076,19.4412532,59,1,2023-08-16 01:51:57,2023-10-16 16:20:51,1,1,1,1,0,1,0,1,0,0,0
3e19bb90-cf15-4cc3-93d6-0d2c4695271a,0,77,house,383,3,3,1.65707E+18,6.60102E+18,2,21981000,21981000,-99.2348319,19.3393726,0,6,2023-07-31 14:25:02,2023-10-09 17:08:46,0,0,1,0,0,0,0,1,1,0,0
fb758016-384e-4633-9174-3548f5596e62,1,40,apartment,79,2,2,1.65707E+18,8.50524E+18,1,3800000,3800000,-99.1462447,19.3891447,35,15,2023-07-13 04:03:40,2023-08-23 04:03:26,0,0,0,0,0,0,0,0,0,0,0
aedee866-769e-4b30-b663-31e21cdc2814,1,80,house,174,2,4,8.26101E+18,3.77027E+17,2,3895000,3895000,-99.0889046,19.3251564,52,2,2023-05-12 07:17:13,2023-07-31 23:46:42,0,0,0,0,0,0,1,0,0,0,0
a333d8fa-dbaa-4c34-867a-6cae1d07e0ce,1,22,house,302,2,2,8.26101E+18,1.91809E+18,1.6,12000000,12000000,-99.1914407,19.3708858,77,1,2023-05-19 21:30:29,2023-06-11 20:53:35,0,0,0,0,0,0,0,1,0,0,0
0d46291a-ada1-43fe-8079-f0ad3718ad1f,0,20,apartment,79,3,3,8.26101E+18,6.79495E+18,1,2850000,2850000,-99.2550003,19.3904162,42,2,2023-09-25 23:05:41,2023-10-09 16:25:01,1,1,0,0,0,0,0,1,1,0,0
5bd3ebac-4b93-41bd-bb31-a87a80a04ffd,1,94,house,308,2,3,8.26101E+18,-5.08352E+18,3,4800000,4800000,-99.0633826,19.3166111,63,3,2023-05-13 01:30:40,2023-08-15 10:02:12,0,0,0,0,0,0,0,0,1,0,1
44b47a89-9230-460b-8089-ffe0290e5c9b,1,25,house,520,,4,1.65707E+18,2.07084E+18,2,12700000,12700000,-99.2344535,19.3484478,57,2,2023-08-17 18:34:21,2023-09-11 19:51:37,0,0,1,1,0,0,0,0,1,0,0
2e2b9c3b-cf18-4e8b-a6ff-31fb6164fdaa,1,62,apartment,110,2,2,6.47434E+18,-2.79421E+17,2,6200000,6200000,-99.175706,19.437235,54,1,2023-03-28 06:23:45,2023-05-30 04:34:57,1,0,0,1,0,1,0,0,0,0,0
584c3a02-5b36-4fa4-bb2d-208aa4b96e13,0,43,apartment,62,1,3,8.26101E+18,3.77027E+17,1,1290000,1290000,-99.1489458,19.5261342,53,1,2023-09-02 18:06:56,2023-10-09 16:25:42,0,0,0,0,0,0,0,0,0,0,1
cd4821c5-d5c5-4a1c-846b-2352570d656e,1,17,apartment,83,2,2,6.47434E+18,-5.15682E+18,1,5800000,5800000,-99.20015,19.44225,54,9,2023-05-17 06:08:15,2023-06-04 04:12:30,1,0,0,1,0,1,0,0,0,0,0
c7e4c694-b7c4-40a7-b53b-1fc67e2bcfaf,1,67,apartment,215,2,2,8.26101E+18,-7.17185E+18,4,8325900,8325900,-99.2799004,19.3626017,34,13,2023-07-06 04:14:36,2023-09-11 18:30:57,0,1,1,0,0,0,0,1,0,0,0
0678fa6c-897c-41e7-940f-8667836b5ae4,0,68,house,286,2,3,6.47434E+18,8.65155E+17,3,9980000,9980000,-99.1940586,19.3611115,1,2,2023-08-08 18:08:08,2023-10-09 17:58:56,0,0,1,0,0,0,0,0,0,0,0
351c0f4c-dde3-456f-8447-1d1f006a6d4e,1,18,apartment,85,2,1,6.47434E+18,3.77027E+17,1,3680000,3680000,-99.1888453,19.3831241,68,2,2023-08-03 18:04:13,2023-08-21 22:32:38,0,1,0,0,0,0,0,0,0,0,0
a7082021-aac1-42f3-8869-e931c164c051,1,30,apartment,114,2,3,1.65707E+18,3.77027E+17,2,6200000,6200000,-99.1774462,19.3943574,68,1,2023-08-26 06:35:25,2023-09-25 16:11:05,0,1,0,0,0,0,0,1,0,0,1
0e4c881b-488b-4a07-89c2-e8e534f23807,1,89,house,88,1,2,8.26101E+18,7.54429E+17,1,1400000,1400000,-99.2431083,19.3795258,60,3,2023-03-15 06:03:23,2023-06-13 02:31:40,0,0,0,0,0,0,0,0,1,0,0
17dadaf1-81ec-40e4-b3f7-ff3fd09227f9,1,19,apartment,233,3,2,8.26101E+18,7.93123E+17,3,14000000,13500000,-99.1966205,19.356962,27,2,2023-07-26 18:01:37,2023-08-15 03:32:26,0,1,0,1,0,0,0,1,0,0,0
6ffe419c-cad7-4cd3-8e81-dc060b303efc,1,31,apartment,65,2,2,-1.05558E+18,3.77027E+17,2,4750000,4750000,-99.1720176,19.4198868,74,3,2023-06-16 23:25:38,2023-07-18 04:16:23,0,1,0,1,0,1,0,1,1,0,0
728a8adf-f222-441f-bca9-a2af8d82cf17,1,56,apartment,131,2.5,2,-1.05558E+18,3.77027E+17,2,7700000,7700000,-99.1787085,19.3908444,68,1,2023-06-05 14:20:05,2023-08-01 04:10:27,0,1,0,0,0,1,0,1,1,0,0
2e2d3e45-5bbc-4800-b855-c89ded8a036a,0,70,house,320,3,3,8.26101E+18,2.21071E+18,4,21700000,21700000,-99.2965778,19.3470575,36,1,2023-08-06 18:40:37,2023-10-09 17:30:53,0,0,1,0,0,0,1,1,1,0,1
02391da8-b010-425a-b349-b2b68a620da4,1,47,apartment,288,,3,1.65707E+18,1.71264E+18,4,15900000,15900000,-99.2570449,19.3844339,43,2,2023-05-31 05:34:48,2023-07-18 04:14:21,0,1,1,1,0,0,0,1,1,0,0
def784b4-9e97-4595-ae46-c7c66713ba8e,1,82,house,708,4,4,8.26101E+18,2.07783E+18,7,26100000,26100000,-99.204506,19.31744,25,3,2023-05-31 01:06:50,2023-08-22 00:17:32,0,0,1,0,0,0,0,1,0,0,0
8ad79ce1-9c3d-4be9-b4fd-b747f6ff5a8b,1,46,apartment,81,1,3,8.26101E+18,7.66011E+18,2.6,3257594,3257594,-99.1492554,19.4400553,46,3,2023-08-03 11:06:09,2023-09-18 16:18:54,0,0,1,0,0,0,0,0,0,0,0
906e28bb-5f7b-4237-870f-46159457f53f,1,106,apartment,86,2,2,-1.05558E+18,4.37581E+18,1,3890016,3890016,-99.1393889,19.3734459,56,1,2023-04-30 12:40:20,2023-08-15 04:07:51,0,1,0,0,0,0,0,1,1,0,0
e3144a40-1d73-46f5-9c9e-2f14a1bf6645,1,24,apartment,50,1,2,6.47434E+18,3.77027E+17,,1990000,1990000,-99.150188,19.417847,82,1,2023-05-05 06:19:50,2023-05-30 04:21:29,0,0,0,0,0,0,0,1,0,0,0
e98ef2b3-33b5-47f8-b20b-d974eb1d62d2,1,67,apartment,333,4,3,6.47434E+18,3.77027E+17,3,12699999,12699999,-99.19645,19.33753,1,1,2023-03-28 06:13:46,2023-06-04 04:02:23,1,1,0,0,0,0,0,1,1,0,1
b8b03a4e-a6be-47c9-99fc-9ce4dfec5851,1,52,apartment,75,1,2,8.26101E+18,3.77027E+17,1,4300000,4300000,-99.1748189,19.4180125,74,1,2023-05-25 22:37:22,2023-07-17 19:05:11,0,0,0,1,0,0,0,1,0,0,0
b8dd4667-b716-40a5-aaac-0a185cb9a6f6,0,43,apartment,150,,2,6.47434E+18,4.12073E+18,1,9200000,9200000,-99.2106745,19.4368626,44,2,2023-09-02 18:54:28,2023-10-09 18:32:51,1,0,0,0,0,0,0,1,1,0,0
74b205c9-5d50-4de3-99e1-a60b28ab7957,0,113,apartment,64,1,2,1.65707E+18,-6.64801E+18,2,2880000,2880000,-99.2090113,19.4559184,38,3,2023-06-25 07:38:47,2023-10-09 16:18:31,0,0,0,1,0,0,0,1,1,0,0
b760f217-19d4-4020-9836-20dc920d7674,1,129,house,342,3,3,8.26101E+18,3.77027E+17,4,11300000,11300000,-99.2318713,19.328163,71,2,2023-04-01 03:37:03,2023-08-08 10:35:40,0,0,0,0,0,0,1,1,1,0,0
42bc5915-b76f-48ff-8a44-2abe0f5820f9,1,86,house,200,,4,8.26101E+18,3.77027E+17,4,9500000,9500000,-99.127384,19.364398,51,2,2023-05-06 01:15:46,2023-07-31 23:47:26,0,0,1,1,0,0,1,0,0,0,0
2860629a-5c1f-4e89-b013-649aa4e5ebc7,0,41,apartment,61,1,3,6.47434E+18,3.77027E+17,2.6,2550000,2550000,-99.1711043,19.37036167,75,1,2023-09-04 19:59:27,2023-10-09 18:03:35,0,0,1,0,0,0,0,0,0,0,0
cecc5392-979d-48c6-bc0d-c59351e31a32,1,28,apartment,63,1,3,6.47434E+18,-8.81765E+17,1,2145000,2145000,-99.282414,19.36429,43,2,2023-05-06 04:07:25,2023-06-04 04:07:01,0,0,0,0,0,0,0,0,0,0,0
ab060082-b94a-4a32-bec3-3c3d405a4d77,1,31,apartment,91,2,2,6.47434E+18,3.77027E+17,1,7848750,7848750,-99.173466,19.410459,65,4,2023-04-29 04:09:09,2023-05-30 04:22:40,1,0,0,0,0,0,0,0,0,0,1
f2a2d276-d325-4562-ada0-01b9b3de9bb4,1,61,apartment,150,2,2,8.26101E+18,3.77027E+17,2,7500000,7500000,-99.1677132,19.3797151,73,1,2023-07-19 01:06:47,2023-09-18 16:13:24,0,1,0,0,0,0,0,1,1,0,0
60e705ee-926c-46a8-8055-da8fea503cbb,1,27,house,561,3,3,6.47434E+18,5.10331E+18,5,21950000,21950000,-99.1739857,19.3834848,79,3,2023-06-20 18:04:46,2023-07-17 18:48:08,0,0,1,0,0,0,0,0,1,0,0
aa1c1d8b-1af4-4fe8-b815-b71d3f7b1642,0,151,apartment,197,3,2,-2.90037E+18,-7.94698E+18,2,8700000,7700000,-99.242857,19.4030596,44,1,2023-05-18 04:03:12,2023-10-16 16:03:10,0,0,0,1,0,1,0,0,0,0,0
39ede258-7104-426f-adc7-6e83eba403df,1,45,apartment,75,1,3,6.47434E+18,7.44114E+18,1,2270000,2270000,-99.122838,19.29802,37,1,2023-04-19 04:15:08,2023-06-04 04:14:50,0,0,0,0,0,0,0,0,0,0,0
4078bc4d-9c5a-4353-88bc-82c67d3c2030,0,54,apartment,64,1,2,8.26101E+18,-5.11444E+18,1,3650000,3650000,-99.1511781,19.3628505,94,2,2023-08-22 18:30:38,2023-10-09 16:09:57,1,1,0,0,0,1,0,0,0,0,1
3e063f4e-6154-4591-a59d-76078ce552d8,1,86,apartment,95,2,2,-8.59303E+18,-7.94698E+18,2,2700000,2700000,-99.208199,19.271613,29,2,2023-04-10 00:00:00,2023-07-05 04:02:32,1,0,0,1,0,0,0,0,0,0,0
ef2da5e0-26a8-4a59-8dea-b1357759c6f8,0,21,house,222,6,4,1.65707E+18,3.77027E+17,3,7980000,7980000,-99.1319899,19.3173074,56,1,2023-09-25 02:33:52,2023-10-15 16:12:52,1,0,1,0,0,0,1,1,1,0,1
160a68e4-04f9-436a-bf1d-5d74843b16c9,1,47,apartment,63,1,2,1.65707E+18,-8.42357E+18,0,2195000,2195000,-99.1331631,19.3965929,85,1,2023-05-11 05:33:42,2023-06-28 04:03:21,0,0,1,0,0,0,0,0,0,0,1
a028646a-f178-434f-8999-5bfeca9c1bb2,0,80,house,188,3,3,1.65707E+18,6.81831E+18,2,3100000,3100000,-99.118749,19.4479404,63,2,2023-07-27 20:00:14,2023-10-09 17:28:46,0,0,0,0,0,0,0,0,0,0,1
eca1bbbd-9535-4c5c-8c78-b9bdd9c77fc3,1,25,apartment,245,3,3,8.26101E+18,2.11219E+18,3,8500000,8500000,-99.2267034,19.3851033,43,7,2023-07-27 01:09:01,2023-08-21 18:28:11,1,0,0,1,0,1,0,1,0,0,0
b7323121-b29b-4cff-b282-9d43515678f1,0,27,house,220,3,4,6.47434E+18,3.77027E+17,5,18000000,18000000,-99.1663731,19.2947596,43,2,2023-09-18 18:17:11,2023-10-09 18:42:27,0,0,1,0,0,0,0,0,0,0,0
a0e90607-fbe8-4e46-882b-eaee29bf1a5c,0,116,apartment,208,3,3,8.26101E+18,3.77027E+17,2,15990000,15990000,-99.1964838,19.4281831,43,5,2023-06-22 01:16:05,2023-10-09 16:31:52,1,1,1,0,0,0,0,1,0,0,1
77b0214a-d755-4460-aa09-7d8b4e84a633,1,19,apartment,147,2,2,1.65707E+18,6.35946E+18,1,5350000,5350000,-99.1660047,19.3778807,73,5,2023-09-01 21:01:45,2023-09-21 16:02:20,1,1,0,0,0,0,0,1,0,0,0
92f11c5b-ef7d-4eea-83e6-70901186d11f,0,82,apartment,205,2,2,6.47434E+18,-7.72455E+18,2,8749000,8674199,-99.1978226,19.3023304,31,2,2023-07-25 18:18:41,2023-10-09 18:41:06,0,0,0,0,0,0,0,0,0,0,0
3c7759aa-ff74-425f-8bcc-28184a6b5616,1,80,apartment,49,1,1,1.65707E+18,3.77027E+17,0,1350000,1350000,-99.1142566,19.4840269,44,1,2023-03-30 05:31:05,2023-06-19 04:06:08,1,1,0,0,0,0,0,0,1,0,0
54c6a74f-434c-4abe-a90d-ccc44673555e,0,137,apartment,90,2,2,-1.05558E+18,4.22414E+18,2,2875000,2750000,-99.1618134,19.2876732,46,1,2023-05-31 22:15:11,2023-10-16 16:25:59,0,0,1,0,0,0,0,1,0,0,1
1a36c0ee-ff79-4cc1-8712-9b4abd90a613,1,173,apartment,53,1,2,-1.05558E+18,7.08174E+18,2.4,1445000,1445000,-99.1332855,19.5175111,49,1,2023-03-01 17:13:31,2023-08-22 04:18:10,1,0,0,0,0,0,0,1,0,0,1
72a8d144-2afd-4a02-a96d-8f39001f4f59,1,52,apartment,130,2,3,8.26101E+18,3.77027E+17,1,4100000,4100000,-99.1867903,19.340491,55,2,2023-04-28 03:23:02,2023-06-19 18:53:02,1,1,0,0,0,0,0,0,0,0,0
a4f77ee3-9e5a-49d8-84fb-596b3ddf68ea,1,11,house,296,3.5,3,6.47434E+18,-6.74907E+18,,16500000,16500000,-99.19832,19.36151,0,5,2023-05-24 04:03:01,2023-06-04 04:03:01,0,0,1,0,0,0,0,1,1,0,1
adc29f06-70c3-4666-8050-651f733858d7,1,28,apartment,77,2,2,6.47434E+18,3.85524E+18,1,4912675,4912675,-99.170051,19.374517,73,1,2023-04-04 00:33:25,2023-05-02 04:12:02,1,0,0,0,0,0,0,0,1,0,1
fb5def60-a14d-42de-96db-41b1e2af7362,0,89,apartment,97,2,2,6.47434E+18,4.64909E+18,2,5500000,5500000,-99.1804826,19.3852809,60,2,2023-07-18 18:06:15,2023-10-09 18:05:42,1,0,0,0,0,0,0,0,0,0,0
b1afd2b7-9ec3-4926-907f-3cc370225565,0,115,apartment,58,2,2,,3.77027E+17,1,2500000,2350000,-99.1924091,19.4957007,45,1,2023-06-23 01:56:09,2023-10-09 16:07:58,0,1,0,0,0,0,0,1,0,0,1
f489b099-b551-468e-93f1-e6783760ebfd,1,152,apartment,94,2,2,8.26101E+18,3.77027E+17,,6350000,6100000,-99.1750615,19.3951975,68,2,2023-03-22 03:06:41,2023-08-21 18:38:28,0,1,1,1,0,1,0,1,1,0,1
8de7de0d-91e8-4a8e-a8cc-2003ce383e95,0,137,apartment,67,2,2,-1.05558E+18,3.77027E+17,1,2667000,2466000,-99.1702919,19.3330589,32,1,2023-05-31 20:57:25,2023-10-16 16:11:38,1,1,0,0,0,0,0,1,1,0,1
c54d8d04-c29f-46e5-a23f-47755d89d57f,1,79,apartment,97,2,2,8.26101E+18,7.93123E+17,2,7450000,7450000,-99.1821855,19.4046358,61,5,2023-07-15 10:18:40,2023-10-02 16:36:25,0,0,0,0,0,0,0,0,1,0,0
10f580fc-0bb9-4486-8cc3-647f5edd4822,0,118,apartment,65,2,2,6.47434E+18,3.77027E+17,1,2900000,2900000,-99.1492603,19.3750248,60,2,2023-06-19 18:24:19,2023-10-09 18:02:54,1,1,0,1,0,0,0,1,1,0,1
380d23a9-65d6-40f1-8778-1fe0bd57a9dd,1,96,apartment,86,2,2,-8.59303E+18,-7.94698E+18,0,3450000,3450000,-99.154528,19.451789,63,1,2023-04-12 01:44:49,2023-07-17 04:01:57,1,0,0,0,0,0,0,0,1,0,0
6f8735fb-91d5-4e66-8587-40c2de9faf3c,0,76,apartment,52,1,2,1.65707E+18,-4.15827E+18,0,1580000,1580000,-99.1431404,19.4469666,60,3,2023-08-01 02:08:35,2023-10-15 16:05:14,0,0,0,0,0,0,0,0,0,0,1
8958dd9e-c5ad-40b6-9d09-f801385e889f,0,141,apartment,249,2,3,8.26101E+18,3.77027E+17,2,11000000,10990000,-99.2109178,19.4370225,44,1,2023-05-28 01:04:29,2023-10-09 16:26:25,1,1,0,0,0,0,1,1,0,0,1
b4614dab-1fe1-49c8-856d-f07022e43f05,1,29,apartment,56,1,2,6.47434E+18,-5.11325E+18,1,1200000,1200000,-99.146999,19.5373367,66,2,2023-08-19 18:49:20,2023-09-18 18:03:22,0,0,0,0,0,0,0,0,0,0,1
076ebe6c-f52b-4324-a706-e9896e0a83d1,1,64,apartment,220,3,3,6.47434E+18,4.87115E+18,2,9500000,9500000,-99.23919,19.4082,44,1,2023-03-05 09:20:54,2023-05-09 04:39:34,0,0,1,1,0,1,0,1,0,0,0
10091ca7-9e9b-4cec-8617-f4fd0da71c35,0,64,house,680,4,3,-2.90037E+18,-7.94698E+18,5,33893000,36450000,-99.2355276,19.4054091,46,1,2023-08-13 04:09:24,2023-10-16 16:09:22,0,0,0,0,0,0,0,1,0,0,0
abd15b33-fbda-4419-82f9-e9f874dee392,0,135,apartment,386,3,3,8.26101E+18,3.77027E+17,2,16800000,16800000,-99.261433,19.3895061,35,1,2023-06-03 01:24:22,2023-10-09 16:22:43,0,1,0,1,0,1,0,1,0,0,0
28f7187f-ed4f-4a48-a4a7-24e56e8c4003,1,8,house,747,3,3,8.26101E+18,-3.13989E+18,2,13700000,13700000,-99.32919753,19.32300265,34,14,2023-09-10 01:04:56,2023-09-18 17:36:25,0,0,1,0,0,0,0,1,1,0,0
6c67a125-951a-4163-a8e9-6a736a28b648,0,97,apartment,130,2,3,,3.77027E+17,2,7900000,7900000,-99.1643998,19.3635426,52,2,2023-07-11 06:07:35,2023-10-09 16:11:39,1,1,1,1,0,1,1,1,0,1,0
6fde11ee-0bb1-4a15-a79d-51cf2ab5329a,1,25,house,180,3,3,8.26101E+18,3.77027E+17,1,4700000,4700000,-99.0914394,19.3165254,44,1,2023-04-22 00:45:35,2023-05-17 21:14:05,0,0,0,1,0,0,0,0,0,0,0
ce706dcb-aab2-47ef-a57b-d91bacce0cd5,1,28,apartment,107.84,2,2,-1.05558E+18,8.70998E+18,2,7200000,7100000,-99.1820208,19.4409539,58,1,2023-08-21 14:06:19,2023-09-18 16:21:16,0,1,1,1,0,1,1,1,1,0,1
0d57a9e3-8431-4b06-94fa-471d193f93b6,0,96,house,200,3,6,8.26101E+18,3.77027E+17,4,6600000,6600000,-99.1813961,19.4777277,67,1,2023-07-12 05:23:14,2023-10-09 17:27:41,0,0,0,0,0,0,0,0,1,0,0
536db025-4c58-4cdd-a263-c2342495888b,0,85,apartment,118,,2,-1.05558E+18,3.77027E+17,1,3600000,3600000,-99.1923753,19.4046586,59,1,2023-07-23 15:45:33,2023-10-16 16:09:32,1,1,0,1,0,0,0,1,1,0,0
a62501ad-dfec-414f-a6b8-b86584e2198b,0,15,house,713,5.5,4,-1.05558E+18,-7.02745E+18,4,22900000,22900000,-99.2696164,19.3772127,43,1,2023-10-01 14:37:23,2023-10-16 17:07:51,0,0,1,0,0,0,1,1,1,0,0
5e423b9b-69b6-48af-8f10-966efb9e1680,0,142,apartment,104,2,3,-1.05558E+18,3.77027E+17,2,5800000,5800000,-99.1726015,19.3040188,55,1,2023-05-26 18:01:48,2023-10-16 16:11:47,1,1,0,1,0,1,0,0,0,0,0
b9a30736-6c95-4ab3-8238-ebae48a9efc7,1,104,house,120,2,3,8.26101E+18,3.77027E+17,,3900000,3900000,-99.11965645,19.2698131,76,1,2023-06-05 21:23:28,2023-09-18 17:42:02,0,0,0,0,0,0,0,0,0,0,0
f75e6229-d106-4637-af42-34577e017402,1,60,apartment,51,1,2,8.26101E+18,7.07727E+18,1,1100000,1050000,-99.05423,19.39197,51,2,2023-07-06 04:49:44,2023-09-04 18:27:29,0,0,0,0,0,0,0,0,0,0,0
f4014c60-4619-4c7f-8dbb-81e4b7e9772b,1,133,house,368,2,3,1.65707E+18,-4.49169E+18,2,7500000,7500000,-99.28991,19.347839,58,1,2023-03-21 05:32:39,2023-08-01 05:49:17,0,0,0,0,0,0,0,0,0,0,0
e5863cdd-ca71-404e-a649-42daf26d31c0,0,25,apartment,175,3,3,8.26101E+18,3.77027E+17,2,16900000,16900000,-99.2024802,19.4341866,48,1,2023-09-21 01:14:44,2023-10-09 16:31:21,0,1,0,0,0,0,0,1,1,0,0
be8252eb-ea23-4872-a993-6fdc65c63120,1,54,house,250,3.5,4,6.47434E+18,6.27366E+18,1.6,5500000,5200000,-99.12605,19.38486,92,4,2023-04-02 06:11:40,2023-05-27 04:10:29,0,0,0,0,0,0,0,0,0,0,0
f3066170-53e3-4d75-b5fb-da9796840a78,1,74,apartment,176,2,3,8.26101E+18,-1.24095E+18,2,5700000,5700000,-99.14569226,19.3929291,82,2,2023-04-06 18:09:32,2023-06-19 18:32:56,1,1,0,0,0,0,0,0,1,0,0
7730c41e-564a-4f63-bef7-f4eae7358162,1,25,apartment,74,2,3,-1.05558E+18,8.11548E+17,1,2800000,2800000,-99.1806377,19.3851984,60,1,2023-08-10 23:00:23,2023-09-05 04:01:38,0,1,0,1,0,0,0,1,1,0,0
c3cd3db5-0a88-4495-925f-8780a0501fff,1,29,apartment,73,1,,8.26101E+18,-5.4357E+16,1,3150000,3150000,-99.1631304,19.3873976,73,1,2023-04-05 02:55:10,2023-05-04 21:06:51,0,1,0,0,0,0,0,1,0,0,0
7f847b83-48e5-431e-b28c-f95e99bb71c8,0,25,apartment,80,1,3,-1.05558E+18,3.77027E+17,1,3700000,3700000,-99.1829788,19.3369838,45,1,2023-09-21 14:35:58,2023-10-16 16:11:26,0,1,1,0,0,0,0,1,0,0,0
1045b588-5b7a-4a44-a0b6-476eced83b67,1,31,house,950,5,3,1.65707E+18,-4.33342E+18,2.4,39000000,39000000,-99.2556393,19.3881275,42,2,2023-05-27 05:38:42,2023-06-28 04:10:39,0,0,1,0,0,0,0,0,1,0,0
9cde77e4-db82-44b1-92e7-6520e1d3c645,1,6,house,125,2,2,1.65707E+18,-3.83497E+18,0,2220000,2220000,-99.1644701,19.2777349,62,11,2023-09-28 01:36:57,2023-10-04 16:19:31,0,0,1,0,0,0,0,0,0,0,0
60bc92d0-55dd-4ce7-9542-bc6885e12a68,0,74,apartment,55,1,1,8.26101E+18,-5.11325E+18,2.2,1984200,1984200,-99.1608372,19.3215486,24,2,2023-08-03 01:04:54,2023-10-09 16:16:22,0,1,0,0,0,0,0,1,1,0,0
faecb68a-24df-4501-86a2-1e352542eaaf,1,106,apartment,128,3,3,-1.05558E+18,-4.49169E+18,2,5700000,5700000,-99.162816,19.401668,53,4,2023-05-31 20:55:58,2023-09-15 16:01:44,1,1,0,0,0,0,0,0,1,0,0
43c1886c-b8c2-4101-b399-69f9182ceffe,0,51,apartment,190,2.5,2,-1.05558E+18,3.77027E+17,2,16800000,16800000,-99.2134442,19.4249374,47,1,2023-08-25 19:45:18,2023-10-16 16:22:33,1,0,0,1,0,1,0,1,0,0,0
d650e98d-fa80-4501-8878-17a18e60c9b9,0,139,apartment,61,2,2,-1.05558E+18,4.10903E+18,1,3320000,3550000,-99.1414643,19.399121,82,1,2023-05-29 18:35:53,2023-10-16 16:05:21,1,1,1,1,0,1,0,1,1,0,0
ad2639f7-c12a-4022-b81a-201e3fdd4931,0,109,house,554.31,5.5,6,-1.05558E+18,-3.42724E+18,4,21900000,21900000,-99.2106288,19.3097362,25,9,2023-06-28 19:40:37,2023-10-16 17:06:04,1,0,1,0,0,0,0,1,1,0,0
2cac4a47-7d1b-4616-900a-2b3e8694c2ef,1,128,apartment,120,2,2,1.65707E+18,-4.49169E+18,2,6800000,6300000,-99.192301,19.439865,59,4,2023-04-16 05:31:05,2023-08-23 04:09:21,0,0,0,1,0,0,0,1,1,0,0
b8c237cf-dfd4-4f52-828a-3700f1d3a167,0,17,apartment,65,2,2,8.26101E+18,3.77027E+17,1,2790000,2790000,-99.1478854,19.4183857,82,2,2023-09-28 22:56:37,2023-10-09 16:17:01,0,0,0,0,0,0,0,0,1,0,1
819e74cc-8ae1-4f78-863b-b3d01d110b2b,0,137,apartment,185,3.5,2,-1.05558E+18,-3.94668E+18,2,15000000,15000000,-99.2527095,19.3665002,19,3,2023-05-31 22:07:55,2023-10-16 16:03:16,0,0,0,1,0,1,0,1,1,0,0
87883ee8-e155-4173-87e9-a84f53238ee1,1,63,apartment,88,1.5,1,-1.05558E+18,1.68693E+17,2,8168024,8168024,-99.2266013,19.3057082,69,1,2023-04-10 11:13:21,2023-06-13 04:22:06,0,0,1,0,0,0,0,0,1,0,1
e0a1dace-fae2-4bb8-8001-2abc9b9cc125,0,128,apartment,115,2.5,3,-1.05558E+18,3.77027E+17,2,5795000,5795000,-99.2569685,19.3574808,13,1,2023-06-10 15:52:30,2023-10-16 16:02:31,0,1,1,1,0,0,0,1,1,0,0
9342b7f9-eb77-4371-9593-fd51f7b1431e,0,87,house,339,4,3,8.26101E+18,-7.44463E+18,4,15800000,15500000,-99.2228877,19.3046739,69,1,2023-07-21 05:35:49,2023-10-09 17:35:36,0,0,1,0,0,0,1,1,1,0,0
71aca4d6-88a7-4f6d-9b6a-3801d7d95212,0,157,apartment,210,2,1,-1.05558E+18,5.66039E+18,4,14000000,14000000,-99.2019537,19.4416925,54,1,2023-05-12 10:03:47,2023-10-09 16:23:20,0,1,0,1,0,1,0,1,1,0,1
f7d85a90-9df1-4e88-88e5-dc4b8b136532,0,74,apartment,127,2,2,-1.05558E+18,3.77027E+17,2,5750000,5750000,-99.22988206,19.33323599,0,1,2023-08-03 10:50:01,2023-10-16 16:02:45,1,1,1,1,0,0,0,1,0,0,1
9e98bbe8-ea45-449b-abfc-fc35725e4a5c,1,73,apartment,73,2,2,6.47434E+18,-8.81765E+17,1,2995000,2995000,-99.17698,19.436485,54,2,2023-03-22 06:07:05,2023-06-04 04:12:25,0,0,0,0,0,0,0,0,0,0,0
b14e8a4c-437a-4e1c-8d97-c63922eee930,0,137,house,162.5,2,6,-1.05558E+18,3.77027E+17,5,4200000,4200000,-99.0516046,19.3439361,68,1,2023-05-31 22:37:44,2023-10-16 17:08:59,0,0,1,0,0,0,0,0,1,0,1
dd446081-0a9d-4285-a58b-eb7293cc7462,0,77,house,750,4,4,8.26101E+18,3.77027E+17,5,28390601,30542731.07,-99.2550003,19.3904162,42,1,2023-07-30 18:25:39,2023-10-09 17:30:52,0,0,1,0,0,0,0,0,0,0,0
52b1d52a-6549-4627-b716-1743e0d16aff,1,28,apartment,65,1,3,1.65707E+18,3.77027E+17,0,2480000,2480000,-99.1743425,19.4474115,58,1,2023-06-13 06:13:53,2023-07-12 04:06:41,1,1,1,1,0,1,1,0,0,0,0
c4176a8d-a276-4c9d-bf34-413e039597ac,0,26,apartment,124.72,2.5,3,-1.05558E+18,1.51348E+17,2,7560000,7560000,-99.1715748,19.381177,73,1,2023-09-20 14:07:15,2023-10-16 16:09:54,1,0,0,0,0,0,0,1,0,0,0
37b7437e-51fb-4fa0-bb7c-1cb320005ea4,0,157,apartment,116,2,3,-1.05558E+18,5.66039E+18,2,7600000,7600000,-99.1958332,19.4420657,54,1,2023-05-12 09:51:20,2023-10-09 16:21:17,0,1,1,1,0,1,0,1,0,0,1
676f40c5-adeb-413e-85e1-d843e23de65e,0,24,apartment,76,2,2,,2.64081E+18,1,2850000,2850000,-99.1415724,19.3851438,35,3,2023-09-22 13:12:15,2023-10-16 16:06:26,1,1,0,0,0,0,0,0,1,0,0
5845cbd0-ba60-4534-89d8-44d4067bd348,0,118,apartment,65,1,1,6.47434E+18,3.77027E+17,2,3400000,3300000,-99.29868,19.350021,36,3,2023-06-19 18:59:45,2023-10-09 18:14:54,0,0,0,1,0,1,0,1,0,0,0
43feadff-9258-48ff-98eb-9380517990a0,1,48,house,315,3,3,8.26101E+18,-8.87652E+18,7,18328000,18328000,-99.2099896,19.3206033,25,1,2023-07-04 18:21:26,2023-08-22 00:18:48,0,0,1,0,0,0,0,1,0,0,1
b0d746ee-71a7-41e5-bcfd-7892856a694e,1,45,apartment,114,2,3,1.65707E+18,-4.49169E+18,2,8400000,8400000,-99.175764,19.39647,68,2,2023-03-21 05:30:56,2023-05-05 05:40:11,0,0,0,0,0,0,0,0,0,0,0
78b3486d-f229-40bd-82e6-113ce739d2a4,0,139,apartment,80,1,1,8.26101E+18,3.77027E+17,2,6315315,6647535.586,-99.2398161,19.4121354,44,1,2023-05-30 01:51:55,2023-10-09 16:31:05,0,1,0,0,0,0,0,1,1,0,0
88695306-dcda-47b1-8937-d9ad54a041a9,1,150,apartment,62,2,2,,-3.82151E+18,1,3100000,3100000,-99.1878342,19.3830278,68,5,2023-04-26 06:26:50,2023-09-23 16:04:18,0,1,0,0,0,0,0,1,0,0,1
b92fd708-e282-4b4c-a929-1c7a53cb5195,1,23,apartment,88,2,2,6.47434E+18,-6.31384E+18,1,5949999,5949999,-99.171582,19.4296279,57,2,2023-07-15 18:11:16,2023-08-07 20:37:23,0,1,0,0,0,0,0,1,0,0,0
af5f3974-353d-437a-83fa-c779cc4ae625,0,94,apartment,95,1.5,1,-1.05558E+18,3.77027E+17,2,6500000,6500000,-99.271304,19.3585882,35,1,2023-07-14 00:01:38,2023-10-16 16:12:45,0,1,0,1,0,0,0,1,1,0,1
ee0a55ea-33c0-475b-bac0-c0f11ac0bb7f,0,141,apartment,125,2,2,,-8.42357E+18,0,9000000,9000000,-99.2965778,19.3470575,36,2,2023-05-28 05:45:57,2023-10-09 16:12:52,0,0,0,0,0,0,0,0,0,0,0
fdac3816-ed53-46b8-b991-25161de8f8bc,1,147,apartment,130,,2,-1.05558E+18,3.77027E+17,2,8150000,8150000,-99.2719033,19.3581241,35,2,2023-04-17 07:36:08,2023-09-11 18:12:56,0,0,1,1,0,1,0,1,0,0,0
1d85a70e-783e-4710-9734-ffefdab8a0e8,1,40,apartment,68,2,2,1.65707E+18,-6.00867E+17,1,4600000,4600000,-99.1785228,19.3873834,55,10,2023-07-13 04:03:54,2023-08-22 04:11:43,1,0,0,1,0,1,0,1,1,0,0
565d4340-0aaf-4afc-ab07-54c55ed8d7a0,0,17,apartment,98,2,3,8.26101E+18,3.77027E+17,2,4880000,4880000,-99.1650487,19.3653473,52,1,2023-09-29 00:20:42,2023-10-09 16:15:03,0,1,1,1,0,0,0,0,0,0,0
2391b1f8-cd8b-41f7-afaa-2694921262c0,0,137,apartment,110,1.5,1,-1.05558E+18,3.77027E+17,,8149487.972,8442439.807,-99.1684647,19.4273694,57,1,2023-05-31 21:03:32,2023-10-16 16:18:14,0,0,1,1,0,1,0,0,0,0,0
b90ab854-54d8-4e48-81b5-678595234c20,1,51,house,298,4,3,8.26101E+18,-1.26767E+17,,7800000,7800000,-99.124794,19.507133,36,5,2023-04-29 02:35:21,2023-06-19 22:36:30,0,0,0,0,0,0,0,0,0,0,0
7640856c-a79f-44c8-ac89-16f0c6f939a7,1,125,house,102,2,2,1.65707E+18,-4.49169E+18,2,8950000,8950000,-99.18059,19.409699,79,3,2023-03-21 05:32:42,2023-07-25 05:06:34,1,1,1,1,0,1,0,1,1,0,0
c61c22b3-2332-4e0a-ae4a-14e3ef30df20,1,31,apartment,72,2,2,8.26101E+18,7.66011E+18,1,3145005,3145005,-99.1899844,19.3798452,68,1,2023-07-07 05:36:41,2023-08-07 19:49:30,0,0,0,0,0,0,0,1,0,0,0
190b0a85-51ed-48a2-8ca7-77eb6d24c9b7,1,22,apartment,107,2,2,8.26101E+18,3.77027E+17,2,5500000,5500000,-99.1774462,19.3943574,68,1,2023-08-26 18:23:19,2023-09-18 16:16:46,0,1,0,0,0,0,0,1,0,0,0
3598c4fa-8bba-4f0c-926d-9cd0ffee0852,0,74,house,451,4,5,-1.05558E+18,2.64359E+18,6,22000000,22000000,-99.1728061,19.3417381,80,10,2023-08-03 00:51:58,2023-10-16 17:07:33,1,0,1,0,0,0,0,0,1,0,0
831dafad-d768-43da-9052-4141c6e863d8,1,88,apartment,98.78,1,1,-2.90037E+18,-7.94698E+18,0,3574234.8,3574234.8,-99.1841343,19.3993566,61,1,2023-04-13 23:34:40,2023-07-11 04:03:23,1,1,0,0,0,0,0,1,0,0,0
42ad6fb0-efa4-4b7c-a39d-67066ea9ba1e,0,67,apartment,64,2,2,8.26101E+18,4.91158E+18,1,2733522,2733522,-99.15717423,19.46970779,23,1,2023-08-10 00:59:24,2023-10-09 16:07:58,1,1,1,1,0,1,0,1,1,0,1
0d5d827e-6193-4ffa-9ef3-869b8ac3232a,1,23,apartment,87,1,2,6.47434E+18,-8.81765E+17,1,3800000,3800000,-99.183192,19.46077,59,1,2023-05-11 06:29:29,2023-06-04 04:03:57,0,0,0,0,0,0,0,0,0,0,0
d54f61a6-efd5-4195-b7fa-f5e6b12a1adc,0,32,apartment,76,1,2,8.26101E+18,3.77027E+17,1,2880000,2880000,-99.0948566,19.3994583,45,2,2023-09-14 01:10:45,2023-10-09 16:25:47,0,0,0,0,0,0,0,0,0,0,0
aa60d76b-c61c-48ba-911a-2a5e47a602b3,1,88,apartment,220,4,3,-2.90037E+18,-7.94698E+18,2,6845000,6845000,-99.29256,19.367753,49,1,2023-04-13 23:33:31,2023-07-11 04:02:25,0,1,0,1,0,0,0,0,0,0,0
d9c5b17e-dee1-4c47-89c2-0c2b3354c59a,0,13,apartment,75,1,3,8.26101E+18,3.77027E+17,1,1850000,1850000,-99.16958922,19.47069411,39,2,2023-10-03 01:09:59,2023-10-09 16:07:59,0,0,1,0,0,0,0,1,0,0,1
8a12ee50-bb54-4e16-8391-fbe04ed7067d,0,43,apartment,100,2,3,-2.90037E+18,-7.94698E+18,2,6000000,6000000,-99.2020314,19.443262,54,1,2023-09-03 04:02:54,2023-10-16 16:03:06,0,1,1,0,0,1,0,1,1,0,0
9f6a7f98-e31e-4d26-9ac8-dc95bc386e7c,1,82,house,175,3,5,8.26101E+18,3.77027E+17,3,6500000,6500000,-99.1321097,19.3057453,37,1,2023-07-12 01:31:15,2023-10-02 17:44:23,0,0,1,0,0,0,0,0,0,0,0
2acb5f44-d0b8-4ed7-b74e-55834410b2b2,1,55,apartment,60,2,2,8.26101E+18,3.08071E+18,1,2850000,2850000,-99.14413,19.36435,94,3,2023-07-11 01:26:44,2023-09-04 18:13:35,0,0,0,0,0,0,0,1,1,0,1
427b6720-ed25-4674-863b-0253aad98502,0,6,apartment,200,3,2,1.65707E+18,-2.59735E+18,2,14100000,14100000,-99.1461,19.4451,60,20,2023-10-09 23:28:57,2023-10-11 16:05:19,0,1,0,0,0,0,1,0,0,0,0
be146399-5383-441d-bd44-9606d04edc4d,0,54,apartment,72,1,2,8.26101E+18,4.91158E+18,1,3600000,3600000,-99.1628061,19.40582425,54,1,2023-08-23 01:13:21,2023-10-09 16:16:59,0,1,0,0,0,0,0,0,0,0,0
189a6186-8b5b-4964-848e-9a8b84601df3,1,18,house,552,4,6,6.47434E+18,-7.29747E+18,4,34990000,34990000,-99.16527,19.3491,85,1,2023-05-16 04:15:42,2023-06-04 04:06:35,0,0,1,0,0,0,0,0,0,0,0
994fad52-17c3-47b6-9d9c-7aa2f7f187c8,1,125,apartment,51,,2,8.26101E+18,3.77027E+17,1,1600000,1600000,-99.17422767,19.26928889,53,2,2023-03-21 01:49:30,2023-07-24 20:44:40,0,0,0,0,0,0,0,1,0,0,0
eca76c9c-276f-4596-a351-54454d4b3df4,1,41,apartment,48,1,2,8.26101E+18,3.77027E+17,2,1590000,1499000,-99.15235,19.41755,82,2,2023-07-11 01:41:27,2023-08-21 19:44:08,1,0,1,0,0,0,0,0,0,0,1
89a803ba-b61e-4642-8f57-dc997538b913,0,41,apartment,255,4,3,6.47434E+18,4.84776E+18,3,16000000,16000000,-99.2408,19.38709,46,1,2023-09-04 19:47:29,2023-10-09 17:57:52,0,1,1,1,0,0,0,1,0,0,0
c6b20352-777f-4110-98b2-c29d565c4ed0,1,71,apartment,140,2.5,2,-1.05558E+18,3.77027E+17,1,9000000,9000000,-99.2049453,19.4220016,32,5,2023-05-31 21:07:06,2023-08-11 04:03:37,0,1,0,0,0,0,0,1,0,0,0
a91f62d9-2d89-414b-b5c9-c80c69d9d007,0,107,apartment,164,3,3,1.65707E+18,1.71264E+18,3,8850000,8850000,-99.2662189,19.3619875,35,4,2023-07-01 02:46:14,2023-10-09 16:06:17,0,1,1,1,0,1,0,0,0,0,1
b1611750-d0be-496e-bd75-7a579a61b554,0,38,apartment,76,2,2,8.26101E+18,5.06239E+18,1,4280000,4280000,-99.1870234,19.3917741,72,1,2023-09-08 01:06:10,2023-10-09 16:10:12,1,1,1,0,0,0,0,1,1,0,0
4b07cc40-e566-4f2b-87ba-dab3151433fb,0,37,apartment,161,3,3,8.26101E+18,2.91132E+18,2,9950000,9950000,-99.1812033,19.4053298,61,3,2023-09-08 18:36:46,2023-10-09 16:30:09,0,1,0,0,0,0,0,1,1,0,0
52488e9d-9d5c-4647-994e-38283da22203,0,139,house,524,4.5,4,-1.05558E+18,3.77027E+17,4,19000000,19000000,-99.2223482,19.3055024,49,3,2023-05-30 15:29:52,2023-10-16 17:10:57,0,0,1,0,0,0,1,0,1,0,0
873353d8-febf-4607-8ac1-44d0d2dca3c0,1,76,apartment,85,1,3,6.47434E+18,3.77027E+17,1,2350000,2350000,-99.11776,19.2943,64,1,2023-07-03 19:36:21,2023-09-18 18:16:39,0,0,1,0,0,0,0,0,0,0,0
d919540e-7672-4435-aefd-3cd140e76f28,0,32,apartment,151.3,2,2,-1.05558E+18,9.03635E+18,2,5290000,5290000,-99.1497664,19.3692406,81,1,2023-09-14 13:07:05,2023-10-16 16:10:22,0,0,0,0,0,0,0,0,1,0,0
8e3ddb62-a2dc-4386-a0b8-a358792ba7e8,1,29,apartment,184,3,3,8.26101E+18,3.77027E+17,3,12300000,12300000,-99.2061849,19.3031177,53,1,2023-04-10 22:11:14,2023-05-10 19:51:14,0,1,1,0,0,0,0,1,0,0,1
97e4d0d8-08a4-4537-9f1e-5b09d8573457,1,82,apartment,82,2,2,1.65707E+18,1.40872E+18,1,4407000,4407000,-99.1862404,19.3822048,68,1,2023-05-03 05:30:53,2023-07-25 04:13:12,0,1,0,0,0,0,0,1,0,0,0
eef33748-7534-4b1a-9c03-f6529c811b5d,0,88,apartment,140,3,3,8.26101E+18,3.77027E+17,2,8700000,8700000,-99.1677132,19.3797151,73,1,2023-07-20 01:04:49,2023-10-09 16:15:23,1,1,0,0,0,0,0,1,1,0,1
cd7d4a8e-d64b-4f5b-a135-f4a8c572cdd1,0,137,apartment,100,2,2,-1.05558E+18,3.77027E+17,2,5300000,5300000,-99.2750935,19.363618,46,1,2023-05-31 20:58:36,2023-10-16 16:12:45,1,1,0,1,0,1,1,1,1,0,1
4a12124e-23a2-4182-a784-36014295c180,0,23,apartment,64,1,3,1.65707E+18,3.77027E+17,2,2750000,2850000,-99.210826,19.4564884,38,2,2023-09-23 01:42:20,2023-10-10 16:05:35,0,1,1,1,0,0,1,0,1,1,1
0d0085ae-f4cc-48d5-8d57-cf286dc9aa33,1,125,apartment,256,3,3,1.65707E+18,-5.78956E+16,3,12900000,12900000,-99.2506,19.3911,50,6,2023-04-19 05:31:04,2023-08-23 04:05:13,0,0,1,1,0,1,0,1,0,0,0
2cb1672e-46e9-40d5-a9ad-e2b276249877,1,49,apartment,69,2,2,8.26101E+18,3.77027E+17,1,4689178,4689178,-99.149086,19.364817,94,2,2023-05-01 13:24:02,2023-06-19 18:46:12,0,1,0,0,0,0,0,1,0,0,1
120265c7-9b47-4923-a9bd-211dc796262a,1,96,house,287,3,6,8.26101E+18,-1.50093E+18,1,4850000,4850000,-99.2168271,19.3871483,57,1,2023-03-08 22:55:41,2023-06-13 02:32:04,0,0,0,0,0,0,0,0,0,0,1
6dbc301d-ff34-4841-abd2-d9ac0458a366,1,153,apartment,53,1,1,1.65707E+18,-4.49169E+18,1,5169541,5169541,-99.161,19.413757,74,2,2023-03-21 05:31:15,2023-08-22 04:18:56,0,0,1,0,0,0,0,1,1,0,0
5aa426c8-2de7-4558-8268-0832a9584e20,0,17,apartment,71,1,2,8.26101E+18,3.77027E+17,1,2750000,2750000,-99.18963584,19.38545405,72,3,2023-09-28 23:21:25,2023-10-09 16:09:38,0,1,0,0,0,0,0,0,0,0,1
e4919404-8629-42d5-8250-be03f43f61fa,1,38,apartment,74,,,8.26101E+18,3.77027E+17,1,2550000,2550000,-99.2300641,19.3651763,37,2,2023-05-12 01:54:46,2023-06-19 18:02:51,0,0,0,0,0,0,0,1,0,0,1
639ab5b3-1ebb-436c-b0fc-bf840b975fa7,1,130,apartment,53,1,2,-2.90037E+18,-7.94698E+18,0,1495000,1495000,-99.1388158,19.5175528,76,1,2023-05-29 04:02:40,2023-10-06 04:03:14,1,0,0,0,0,0,0,1,0,0,1
96db3da6-5376-4661-b165-83ffad11381b,0,16,house,335,3,3,1.65707E+18,2.64359E+18,2,12195000,12195000,-99.1575732,19.4095846,56,8,2023-09-30 01:04:51,2023-10-09 17:18:06,1,0,0,0,0,0,0,0,1,0,0
e0f5b5dd-98e0-4da0-b9d9-7e9c092f2746,0,65,house,550,4,5,-2.90037E+18,-7.94698E+18,4,7000000,7000000,-99.1599259,19.3059064,40,1,2023-08-12 04:11:09,2023-10-16 16:08:40,0,0,0,0,0,0,0,0,0,0,0
3814aa07-81d0-4f2f-b95b-272f8b32a6a9,0,13,apartment,73,1,2,6.47434E+18,3.77027E+17,1.2,2400000,2400000,-99.1716712,19.3086998,62,2,2023-10-03 00:50:43,2023-10-09 18:11:34,0,0,0,0,0,0,0,0,0,0,0
117fc86b-4174-46e0-9559-fc5cd217f115,0,61,apartment,55,2,2,8.26101E+18,3.77027E+17,1,3260000,3260000,-99.1565642,19.4473931,63,1,2023-08-16 01:26:02,2023-10-09 16:18:12,0,0,0,0,0,0,0,1,1,0,0
e2f85d0a-a4fa-4b46-9a95-03bc4a2d803b,0,83,apartment,285,4.5,3,-1.05558E+18,3.77027E+17,1,12500000,11500000,-99.25673246,19.39941119,44,1,2023-07-25 13:39:39,2023-10-16 16:14:24,0,1,1,1,0,1,1,1,1,0,0
ca33497a-428b-4cc4-851f-d999ea8cb8f4,0,117,apartment,114,3,2,8.26101E+18,3.77027E+17,2,4400000,4400000,-99.2255625,19.3083379,36,1,2023-06-20 18:09:40,2023-10-09 16:32:50,0,0,1,1,0,0,1,1,0,0,1
2539db68-676d-47a4-8c8d-80a5012f9a84,0,112,apartment,72,2,2,1.65707E+18,-5.12714E+18,2,3500000,3500000,-99.2249995,19.3495556,52,7,2023-06-25 15:57:43,2023-10-15 16:01:17,0,1,0,0,0,0,0,1,0,0,1
9cdec5b0-6c1b-4658-a0b4-d5e92b301a1a,1,15,apartment,52,1,2,-2.90037E+18,-7.94698E+18,0,1330000,1330000,-99.1153818,19.3265535,65,2,2023-08-12 04:02:10,2023-08-28 04:01:53,0,0,0,0,0,0,0,0,0,0,0
19e0183d-926e-4fd9-8b36-8cfe6aa8c22a,1,44,house,271,2,3,8.26101E+18,-8.81765E+17,2,9800000,9800000,-99.15176,19.300611,38,3,2023-06-03 02:15:39,2023-07-17 23:15:04,1,0,1,0,0,0,0,0,0,0,0
91d5c040-965d-4dbf-a6d3-eff230952387,0,96,apartment,76.16,1,2,1.65707E+18,3.77027E+17,0,1800000,1800000,-99.1490349,19.4340296,58,6,2023-07-12 01:29:02,2023-10-09 16:15:06,0,0,0,0,0,0,0,0,0,0,0
762cf1c9-5bf4-4298-ad84-97e61bd05db6,0,24,house,294,5,5,6.47434E+18,3.77027E+17,,6000000,6000000,-99.0997292,19.4358208,52,2,2023-09-21 16:58:53,2023-10-09 18:44:20,0,0,1,0,0,0,0,0,1,0,1
6699f8cc-3608-48fd-870f-3e68cfda37a1,1,35,apartment,64,2,2,6.47434E+18,-2.79421E+17,1,3093657,3093657,-99.135197,19.372865,42,2,2023-04-25 04:29:41,2023-05-30 04:29:41,0,0,0,0,0,0,0,0,1,0,1
554cf1b2-c4af-4097-8a8a-fcb1e6c45dc4,0,33,apartment,109,2,3,8.26101E+18,-2.44545E+18,2,7200001,7200001,-99.1696822,19.3737604,73,1,2023-09-13 01:20:36,2023-10-09 16:13:52,1,1,0,1,0,1,0,0,0,0,0
f28912fe-0bed-487d-8010-af8a9d306db7,1,22,apartment,94,2,2,8.26101E+18,3.77027E+17,2,6420000,6420000,-99.17851916,19.41554634,74,3,2023-04-24 22:02:16,2023-05-17 19:16:00,1,1,0,0,0,0,0,0,0,0,0
bde1ae85-082e-4255-a8a3-05c9e009200f,1,27,apartment,94,2,3,1.65707E+18,3.77027E+17,2,3850000,3850000,-99.1490801,19.3617454,94,1,2023-06-06 23:16:14,2023-07-04 04:11:19,1,0,0,0,0,0,0,0,0,0,1
bf37efc6-18b5-4a31-bf96-fa72f678cde6,1,20,apartment,186,3,3,8.26101E+18,3.77027E+17,2,9500000,9500000,-99.1715183,19.4090409,65,4,2023-04-25 01:08:30,2023-05-15 19:21:45,0,1,0,0,0,0,0,1,1,0,1
69b34bfd-0e68-4bcd-97c3-4cfa9cf955d7,1,51,apartment,162,2,2,1.65707E+18,3.77027E+17,2,6000000,6000000,-99.2260095,19.3423691,43,2,2023-07-01 18:18:17,2023-08-22 04:05:41,1,1,1,0,0,0,0,0,0,0,0
8820437b-2e30-42f9-a490-dc4f361d895c,1,28,apartment,73,2,2,8.26101E+18,7.11902E+18,2,3350000,3350000,-99.157745,19.366882,43,2,2023-04-10 01:21:29,2023-05-08 21:08:05,1,0,0,0,0,0,0,0,0,0,0
72fcd1a2-7688-4509-ac6a-67ac4b62517a,0,134,apartment,90,2,,8.26101E+18,-3.84997E+18,2,5960000,5960000,-99.19314,19.360037,1,5,2023-06-04 01:31:54,2023-10-09 16:26:07,0,1,1,1,0,1,0,1,1,0,0
4149ec73-a5a8-4ec5-9fe4-8a4c4e25cfbf,0,27,apartment,88,2,3,-1.05558E+18,-5.67597E+18,1,3500000,3500000,-99.1852857,19.3633641,72,1,2023-09-19 08:59:36,2023-10-16 16:07:20,0,0,0,0,0,0,0,1,0,0,1
5d30713e-78ee-4c47-9331-1449b5f7b3a7,0,137,apartment,175,2,3,-1.05558E+18,1.84714E+18,2,14900000,14900000,-99.20412898,19.43272898,48,2,2023-05-31 21:08:07,2023-10-16 16:22:40,0,1,0,0,0,0,0,1,0,0,1
dea1cdff-a0d9-45bf-bd15-1d4e35b58305,0,65,apartment,83,2,2,1.65707E+18,-8.05111E+18,2,3998000,3998000,-99.1482,19.3423,23,4,2023-08-12 05:08:42,2023-10-09 16:11:55,0,1,0,0,0,0,0,1,0,0,0
83dc29b4-29da-412d-a105-d3500f8f6a67,1,27,house,216,2,3,8.26101E+18,3.77027E+17,2,12486720,12486720,-99.1593559,19.3848338,67,1,2023-07-25 18:27:53,2023-08-22 00:26:18,0,1,0,0,0,0,0,1,1,0,0
f4ac7573-e83e-44bc-ac8a-5630a713783e,1,41,apartment,154,3,3,8.26101E+18,6.04966E+18,2,9500000,9500000,-99.1708046,19.38651,73,1,2023-08-08 03:38:31,2023-09-18 16:11:06,0,1,0,0,0,0,0,1,1,0,0
fa6d1de5-91be-45df-9abf-50c6611ac14b,0,19,apartment,54,2,2,-1.05558E+18,-2.59825E+18,1.8,5200000,5200000,-99.18028,19.41377,74,2,2023-09-27 00:32:03,2023-10-16 16:16:17,0,1,0,1,0,0,0,1,1,0,1
88e83449-ea93-41eb-9d39-05baf7abc2a4,1,60,apartment,111,2,2,6.47434E+18,3.96614E+18,1,4875000,4875000,-99.181711,19.466878,70,1,2023-03-30 06:29:18,2023-05-30 04:09:06,1,0,0,0,0,0,0,0,1,0,0
d046882c-4625-49cf-9d11-4de149bdc3f3,0,74,apartment,59.47,1,1,-1.05558E+18,-7.86116E+18,1.8,2045000,2045000,-99.14268937,19.4439327,60,1,2023-08-03 13:10:16,2023-10-16 16:16:23,1,1,0,0,0,0,0,0,0,0,0
1fca0a51-dc82-44ba-a097-5cc926a52b71,1,69,apartment,210,3,3,8.26101E+18,4.81671E+18,2,16900000,16900000,-99.1892396,19.4308897,48,5,2023-05-22 19:54:41,2023-07-31 19:51:36,0,1,0,0,0,0,0,1,1,0,0
1f8d4e87-0dfc-474b-b6e8-8f0bd05945a7,0,107,apartment,55,1,2,1.65707E+18,-8.1032E+18,1,2014000,2014000,-99.0651769,19.427015,36,9,2023-06-30 21:21:15,2023-10-09 16:22:34,1,0,1,0,0,0,0,1,0,0,0
d0a91fad-d287-431b-94b6-bb19e845aa31,1,20,apartment,76,2,2,1.65707E+18,-3.83497E+18,1,3450017,3450017,-99.1617437,19.3861605,73,5,2023-08-01 04:09:42,2023-08-22 04:09:37,0,0,0,0,0,0,0,0,0,0,0
ad0913f6-1ae2-4eac-b5ea-a48da49a1211,1,28,house,500,4,3,8.26101E+18,7.628E+18,4,25500000,25499000,-99.2213796,19.310323,69,2,2023-04-19 01:50:26,2023-05-17 21:20:46,1,0,1,0,0,0,1,1,1,0,1
2d65a15b-6b0d-46b5-87e6-9366e107c1de,0,151,apartment,95,2,2,-1.05558E+18,3.77027E+17,,9100000,8250000,-99.1535239,19.434631,39,4,2023-05-17 17:37:23,2023-10-16 16:17:59,0,1,0,1,0,1,0,1,1,0,0
5682a78b-9c84-4e43-8c2b-d11acb36bbd5,1,48,house,152,3,3,8.26101E+18,-3.88139E+18,2,15000000,15000000,-99.1956012,19.4340199,50,2,2023-05-03 02:51:32,2023-06-20 03:59:02,0,0,0,0,0,0,0,1,1,0,1
361b0e11-0c8c-4076-a501-43e4e66aeb65,1,44,apartment,141,2,2,8.26101E+18,-8.87652E+18,2,7500000,7500000,-99.28253,19.369053,51,11,2023-06-03 01:08:36,2023-07-17 19:29:54,1,1,1,1,0,1,0,1,1,0,0
38191e61-1006-465b-86a5-95e0d0152245,0,99,apartment,290,3,3,8.26101E+18,-3.49319E+18,3,14500000,13500000,-99.275938,19.3625394,46,2,2023-07-09 01:03:57,2023-10-09 16:22:23,1,1,1,1,0,1,1,1,1,0,1
32022447-7769-4fec-8f2c-7609349b6cb9,0,124,house,360,3,4,-1.05558E+18,3.56564E+17,2.4,17000000,17000000,-99.1298249,19.4888785,87,3,2023-06-13 16:14:51,2023-10-16 17:08:47,1,0,1,0,0,0,0,1,1,0,1
edd1d3ae-ee42-4ed2-988a-4abf249e6867,0,20,apartment,220,3,3,8.26101E+18,8.43268E+18,3,13600000,13600000,-99.1872221,19.3687862,72,3,2023-09-25 23:30:37,2023-10-09 16:15:38,1,0,0,0,0,0,0,0,1,0,0
0fd083a6-d62f-40b0-9f3b-a042fff3f1da,1,13,apartment,180,,,1.65707E+18,-3.83497E+18,3,13500000,13500000,-99.2662189,19.3619875,35,18,2023-09-12 01:18:41,2023-09-25 16:15:54,0,0,1,0,0,0,0,0,1,0,0
ba42abcc-7dd2-44a9-a866-46f5faa8646c,0,79,apartment,364,2.5,2,-1.05558E+18,4.32567E+18,2,14800000,14800000,-99.2283651,19.4218877,44,3,2023-07-29 15:03:45,2023-10-16 16:25:07,0,1,1,1,0,1,0,1,0,0,1
8804627c-ddf5-416d-ae9d-9a5c929f2f86,1,143,house,490,3,3,1.65707E+18,9.19812E+18,3,15500000,15500000,-99.268372,19.3767752,43,3,2023-03-31 05:32:10,2023-08-22 05:25:18,0,0,1,0,0,0,0,1,1,0,0
0ed54cc6-9a99-4e13-9a59-7743f36fe5b4,1,64,apartment,30,1,1,-1.05558E+18,3.77027E+17,1.8,1300000,1300000,-99.1617888,19.4373262,70,1,2023-05-28 12:40:37,2023-08-01 04:16:46,0,0,0,0,0,0,0,0,1,0,1
760299e0-b563-456a-8207-c4f377077a71,0,87,apartment,129,2,,,8.85859E+17,1,4938000,4938000,-99.1369535,19.3809787,43,2,2023-07-20 18:04:55,2023-10-09 18:07:39,0,1,0,0,0,0,0,1,1,0,1
7a4efa77-ce4e-4474-b466-aed99f874aa2,1,45,apartment,136,2,3,8.26101E+18,2.11219E+18,2,7200000,7200000,-99.19422325,19.44169465,59,7,2023-05-25 22:47:22,2023-07-10 20:11:31,0,0,0,0,0,0,0,0,0,0,0
2e68ff6a-6837-4103-9c7c-48d920d97a48,1,63,apartment,65,1,2,-1.05558E+18,7.83515E+18,1,2500000,2500000,-99.1666762,19.3877669,73,1,2023-05-01 23:20:40,2023-07-04 04:05:23,0,0,0,0,0,0,0,0,0,0,0
d65c7b18-431b-4921-ad34-365bf0bdeec7,1,88,apartment,150,3,2,8.26101E+18,3.77027E+17,2,7600000,7600000,-99.256534,19.3472823,58,2,2023-04-27 01:51:06,2023-07-24 18:10:14,0,1,1,1,0,1,1,1,1,0,0
a799954b-4df5-4dd6-82d6-02b294b4231f,1,46,apartment,46,1,2,8.26101E+18,5.04346E+18,3.4,1495000,1495000,-99.2181398,19.3608344,53,1,2023-05-04 02:43:55,2023-06-19 18:01:56,0,1,0,0,0,0,0,1,0,0,0
4bf4596a-1d6b-4f5c-bc3e-399940e23bfa,1,42,apartment,150,3,3,8.26101E+18,3.77027E+17,3,8400000,7800000,-99.2015621,19.3597529,0,1,2023-07-10 04:52:30,2023-08-21 18:16:54,1,1,1,1,0,1,0,1,1,0,0
be7cb46f-3f38-473a-b8ca-00f74de4fd16,1,20,apartment,68,1,2,8.26101E+18,8.38891E+17,1,4835000,4835000,-99.1739857,19.3628631,79,5,2023-08-21 19:00:32,2023-09-11 18:18:39,0,0,1,0,0,0,0,1,0,0,1
ed747b30-3a1e-4b55-aa1e-7ab1e874bb8d,1,29,apartment,77,2,2,8.26101E+18,7.66011E+18,1,5800005,5800005,-99.1652508,19.4317498,57,1,2023-04-07 00:04:43,2023-05-06 21:09:31,0,1,0,0,0,0,0,1,1,0,0
b4694689-b9bf-47ea-86dd-4671d88f7144,1,20,apartment,75,2,2,,3.77027E+17,1,2745000,2745000,-99.1439218,19.4230052,82,5,2023-09-11 18:26:09,2023-10-02 16:26:24,0,0,0,0,0,0,0,1,0,0,0
b1fdd1bc-e4a4-4485-96a3-fb6173340e54,1,15,house,250,3,3,1.65707E+18,8.50524E+18,,7500000,7500000,-99.1431465,19.3354269,32,19,2023-07-12 06:22:28,2023-07-28 04:14:25,0,0,1,0,0,0,0,0,0,0,0
6b0a2b92-4bfc-41bc-9904-769af1b3f6b3,0,20,house,435,3,3,1.65707E+18,3.77027E+17,4,22500000,22500000,-99.2323367,19.3229726,71,2,2023-09-26 02:23:04,2023-10-15 16:13:36,0,0,1,1,0,0,0,0,1,0,1
fd4422a8-426d-4ac4-8112-0db90209437d,0,76,apartment,68,2,2,6.47434E+18,5.15732E+18,1,3898600,3898600,-99.1914299,19.3677573,3,4,2023-07-31 18:01:35,2023-10-09 17:54:54,0,0,1,1,0,1,0,0,0,0,0
0c5634b7-57ca-4522-b259-a220bd3a87aa,1,70,house,832,3.5,3,6.47434E+18,3.77027E+17,3,18999999,18999999,-99.255,19.39961,44,1,2023-03-05 10:38:36,2023-05-15 04:14:50,0,0,0,0,0,0,0,0,0,0,0
038bac7a-023b-4d2a-9751-5751aca33b87,0,91,apartment,84,2,2,6.47434E+18,6.3267E+18,1,3876000,3876000,-99.18957553,19.36792728,77,3,2023-07-16 18:04:03,2023-10-09 18:04:42,0,1,0,0,0,0,0,1,0,0,0
ced7df99-7d94-44a3-b757-779a497b4e11,1,40,apartment,60,3,2,8.26101E+18,-2.54081E+18,2,3134753,3134753,-99.2046184,19.3793356,46,2,2023-07-12 01:31:46,2023-08-21 18:24:15,0,1,0,0,0,0,0,0,1,0,0
bddf0036-0f91-4ea9-95f9-1d1865ba0136,0,33,house,150,2,3,8.26101E+18,3.77027E+17,5,5500000,5500000,-99.2343566,19.2792959,16,2,2023-09-13 01:19:22,2023-10-09 17:35:38,0,0,0,0,0,0,0,0,0,0,0
21880616-11e0-413b-b861-da0bbd81cff9,0,81,house,189,3,3,1.65707E+18,-4.49169E+18,4,9900000,9900000,-99.228906,19.318995,65,2,2023-07-27 01:50:43,2023-10-09 17:18:59,0,0,0,0,0,0,0,1,0,0,0
d3babf38-6037-4f36-a7ff-cb9c488fc666,0,149,apartment,62,2,2,8.26101E+18,3.77027E+17,1,3600000,3600000,-99.1355826,19.3772572,43,2,2023-05-19 19:10:41,2023-10-09 16:08:52,0,1,0,0,0,0,1,1,0,0,1
89ec7c85-35b2-49ec-a36b-8e1a6997490c,0,86,apartment,163,2,3,8.26101E+18,-1.1503E+18,2,12625000,12625000,-99.16183408,19.40314532,54,17,2023-07-22 01:08:08,2023-10-09 16:17:31,0,1,1,1,0,1,0,0,0,0,0
045cd5c1-3fab-4da6-a23c-230a1575307c,1,68,apartment,171,4,3,8.26101E+18,5.83557E+18,2.4,6500000,6500000,-99.2986863,19.3500214,36,1,2023-07-05 07:06:48,2023-09-11 18:29:09,0,1,1,1,0,1,1,1,0,0,0
a39ac5f6-bc16-45a0-a4f8-c00cc214ceb4,0,122,apartment,122,2,2,6.47434E+18,-5.1431E+18,2,10385519,10385519,-99.1596475,19.4168211,74,4,2023-06-15 23:41:55,2023-10-09 18:24:27,0,0,0,0,0,0,0,0,1,0,0
1e0b07d2-d56e-48be-b4f3-1af6c1efdfe3,1,89,apartment,111,2.5,2,-1.05558E+18,-4.29251E+18,2,7039293,7039293,-99.1931284,19.3592485,1,1,2023-05-31 20:49:39,2023-08-29 04:02:32,0,1,1,1,0,1,0,1,1,0,1
c5828902-1288-4a39-9ae9-fda47cab23c6,1,52,apartment,137,2,3,6.47434E+18,5.84833E+18,2,9976500,9976500,-99.2791572,19.3559289,35,4,2023-07-14 18:09:43,2023-09-04 20:15:21,0,1,0,1,0,1,0,0,0,0,0
3f687efe-e7c5-4c35-9caa-99f11b35f7f6,1,75,apartment,71,2,2,8.26101E+18,7.94635E+18,1,3900000,3900000,-99.15807,19.39239,67,1,2023-04-04 19:02:13,2023-06-19 18:49:11,0,1,0,0,0,0,0,1,0,0,0
